2235 2859
380 182 593 240 Anhang.
622 181 875 224 Friedrich
899 179 987 223 lV.
1017 179 1147 236 (ΙΙΙ.)
1176 192 1287 232 1460,
1316 191 1510 224 December
1537 193 1596 226 23.

1828 193 1959 226 CXXV

37 342 117 372 104.
151 341 249 377 papst
271 341 352 369 Pius
381 341 423 369 11.
447 340 573 368 erlaubc
595 342 663 369 dem
689 339 731 368 K.
755 338 937 376 Friedrich,
970 339 1021 366 die
1046 338 1178 366 Klo‘scer
1201 339 1312 366 aeitzer
1335 338 1448 366 Laude
1476 339 1620 366 tisim-en
1642 346 1686 367 zu
1709 340 1825 369 lassen.
1850 341 1955 369 1460.

131 393 305 420 December
326 393 378 420 23.
405 393 499 428 Reqq.
524 394 581 420 No.
607 392 710 419 3846.

106 467 174 493 Pius
202 467 354 500 episeopus
382 475 483 492 servus
513 475 660 492 servorum
690 465 734 490 dei
764 463 913 490 carissimo
934 465 962 489 in

37 511 152 537 christo
180 511 238 537 filio
260 514 360 537 nostro
386 510 538 536 Frederico
568 511 764 535 Romanorum
797 509 962 542 imperatori

38 564 150 589 semper
172 558 294 590 augusto
322 556 442 580 salutem
467 557 495 580 et
517 555 701 587 apostolicam
725 554 961 578 benedictionem.

35 600 115 626 Inter
139 600 335 625 solicitudines
360 607 428 632 quas
454 599 487 624 ad
512 598 638 623 universi
663 599 755 622 status
775 597 961 622 ecclesiastici

34 643 268 670 reformationem
286 644 427 678 gerimus,
452 643 478 667 id
499 643 615 668 sinceris
635 642 836 675 prosequimur
852 641 962 674 studiis,

34 692 67 714 ut
89 690 116 714 in
140 689 342 722 religiosorum
364 687 509 712 ordinibus
537 685 685 719 disciplina
704 687 846 720 regularis
869 688 897 710 et
912 686 961 709 ob-

34 733 180 758 servantia
202 733 336 766 uigeant,
360 732 495 756 honestas
519 730 635 763 floreat,
658 731 795 756 virtutum
816 731 962 763 plantaria

32 786 85 810 per
101 778 242 802 bonorum
261 784 379 809 operum
400 775 492 800 studia
512 777 540 799 et
562 775 749 800 sanctimonie
769 775 870 799 merita
887 783 959 799 sem-

32 829 83 854 per
101 821 269 851 exuberent,
290 822 317 845 et
343 822 494 853 propterea
516 822 658 852 oportune
674 819 846 852 prouisionis
866 821 959 843 atten-

34 866 100 890 dere
115 866 238 890 solemus
256 865 388 890 antidotis
405 885 411 896 ,
438 866 469 888 ut
492 864 623 896 quicquid
649 872 730 888 sacre
744 863 876 896 religioni
893 871 960 887 con-

31 909 151 934 trarium
175 909 351 941 presumitur
373 909 406 932 ad
428 908 503 932 illius
529 911 736 941 augumentum
763 908 796 932 ad
825 907 868 931 dei
900 907 960 940 glo-

30 954 102 978 riam
117 954 271 978 salubriter
290 953 457 986 corrigatur.
487 951 557 977 Cum
575 953 671 984 itaque
688 953 762 977 sicut
780 952 812 976 ad
829 953 959 975 nostrum

31 1005 125 1030 nuper
140 997 273 1029 pervenit
294 997 420 1021 auditum
436 997 465 1021 in
483 997 611 1029 partibus
621 995 716 1029 Styrie
734 995 879 1020 Carinthie
893 995 959 1020 Car-

34 1042 111 1066 niole
133 1044 161 1066 et
176 1041 303 1065 Marchie
321 1041 490 1065 Selauonice
515 1041 671 1073 provinciis
703 1041 735 1065 ad
771 1040 959 1065 serenitatem

32 1088 110 1111 tuam
136 1085 308 1110 hereditario
331 1085 392 1109 iure
412 1084 623 1117 pertinentibus
645 1086 702 1109 sint
720 1092 802 1116 quam
818 1085 900 1116 plura
921 1084 959 1108 di-

35 1138 184 1154 versorum
204 1129 337 1154 ordinum
358 1132 416 1153 tam
437 1130 563 1154 virorum
582 1137 665 1161 quam
688 1129 842 1153 mulierum
862 1136 959 1152 mona-

32 1175 117 1199 steria
139 1174 239 1198 domus
263 1176 421 1197 conventus
444 1177 528 1205 atque
554 1174 616 1198 loca
639 1181 690 1205 per
713 1173 913 1206 progenitores
933 1175 960 1196 et

33 1221 231 1243 antecessores
258 1220 323 1241 tuos
346 1217 469 1249 partium
494 1217 659 1242 huiusmodi
680 1216 851 1249 temporales
873 1216 960 1240 domi-

31 1271 84 1288 nos
107 1262 223 1286 fundata
254 1264 281 1286 et
305 1261 402 1286 dotata
424 1262 452 1285 in
476 1261 576 1293 quibus
600 1262 755 1293 plurimum
775 1261 896 1293 deperiit
911 1261 959 1284 ob-

32 1307 178 1332 servantia
196 1306 335 1339 regularis
355 1307 383 1329 et
404 1313 458 1337 que
481 1306 509 1329 in
531 1306 660 1337 personis
676 1305 762 1330 rebus
777 1308 861 1337 atque
876 1304 959 1329 bonis

32 1359 64 1376 ac
86 1349 239 1376 structuris
259 1352 287 1374 et
308 1349 424 1373 edificiis
449 1348 506 1374 suis
526 1357 584 1373 non
605 1350 784 1374 mediocriter
806 1350 963 1373 deformata

35 1394 233 1427 multipliciter
251 1393 376 1417 officium
393 1394 604 1418 reformationis
623 1396 651 1418 et
665 1393 852 1426 reparationis
863 1401 963 1425 expos-

34 1441 111 1464 cunt.
132 1438 230 1470 Quare
245 1440 275 1462 tu
292 1438 417 1469 cupiens,
437 1439 468 1461 ut
489 1438 661 1462 monasteria
678 1438 778 1462 domus
800 1440 885 1469 atque
902 1437 964 1460 loca

30 1483 194 1509 huiusmodi
220 1482 345 1507 debitum
371 1482 581 1505 reformationis
608 1484 637 1506 et
660 1482 850 1513 reparationis
866 1484 963 1513 optate

33 1529 247 1559 consequantur
265 1526 408 1556 effectum,
428 1525 509 1550 nobis
532 1534 616 1558 super
637 1525 690 1550 hoc
706 1526 854 1550 humiliter
871 1525 963 1550 fecisti

33 1571 199 1604 supplicari,
219 1572 252 1594 ut
267 1578 353 1602 super
368 1570 423 1595 hoc
446 1573 587 1602 oportune
603 1570 754 1602 providere
778 1574 806 1595 et
821 1570 963 1602 provideri

33 1616 169 1640 mandare
185 1615 377 1649 dignaremur.
395 1613 454 1639 Nos
470 1615 617 1646 cupientes
632 1617 663 1639 ut
679 1615 850 1638 monasteria
863 1614 963 1638 domus

33 1661 117 1691 atque
137 1660 199 1684 loca
225 1660 285 1691 ipsa
307 1659 335 1683 in
360 1660 451 1691 capite
473 1661 500 1682 et
522 1659 551 1683 in
571 1658 705 1683 membris
729 1659 786 1683 suis
807 1666 963 1690 omnesque

34 1712 87 1736 que
109 1704 138 1728 in
162 1704 218 1728 illis
240 1704 417 1735 irrepserunt
437 1704 494 1727 vite
516 1710 547 1726 ac
570 1711 682 1727 morum
704 1703 901 1727 deformitates
919 1709 963 1726 re—

33 1747 211 1778 formentur,
233 1747 260 1771 in
284 1748 341 1772 illis
363 1755 475 1780 quoque
498 1748 614 1781 rigeant
638 1748 715 1772 iuxta
733 1746 900 1772 eorumdem
918 1753 963 1770 or-

33 1791 129 1816 dinum
143 1791 276 1816 instituta
300 1792 480 1816 observantia
503 1794 530 1816 et
555 1791 703 1823 disciplina
722 1792 871 1824 regulares
889 1797 963 1814 sere-

34 1836 116 1861 nitati
139 1838 186 1861 tue
212 1838 243 1861 ut
262 1837 374 1868 aliquos
395 1836 523 1868 ydoneos
551 1838 580 1860 et
603 1836 772 1868 exemplaris
802 1835 857 1859 vite
886 1834 962 1858 viros

36 1880 200 1905 eorumdem
221 1881 266 1905 vel
292 1881 413 1905 aliorum
435 1880 568 1905 ordinum
583 1881 762 1912 professores
782 1879 833 1903 sub
849 1879 962 1912 regma-

37 1924 75 1948 ris
90 1924 273 1949 observantie
298 1925 376 1948 cultu
397 1924 527 1949 viuentes
546 1927 574 1949 et
595 1925 623 1949 in
641 1932 672 1948 ea
687 1924 860 1956 approbatos
878 1930 964 1956 super

36 1976 90 2000 quo
116 1968 295 1992 celsitudinis
317 1971 366 1993 tue
389 1967 593 1994 conscientiam
617 1976 772 1993 oneramus
793 1967 896 1992 adhoc
912 1974 963 1991 no-

35 2012 142 2037 minare
160 2015 188 2037 et
202 2012 339 2044 deputare
355 2013 464 2045 valeas,
491 2014 563 2045 quod
585 2021 636 2045 per
657 2015 684 2037 te
706 2012 846 2037 nominati
870 2014 898 2035 et
919 2011 964 2035 de-

35 2056 125 2089 putati
146 2056 307 2081 huiusmodi
331 2057 444 2089 singula
464 2057 638 2083 monasteria
660 2057 760 2082 domus
783 2059 810 2081 et
825 2056 887 2080 loca
902 2063 964 2088 pre-

36 2100 108 2125 dicta
122 2101 237 2126 visitare
259 2104 287 2126 et
309 2101 421 2135 singula
443 2109 495 2133 que
518 2102 553 2127 ad
573 2100 698 2125 οἷιιεῑιιηι
714 2100 884 2125 visitationis
901 2107 963 2133 per-

37 2144 143 2177 tinent,
164 2145 316 2179 diligenter
343 2146 459 2178 exequi,
485 2153 515 2170 ac
536 2147 660 2177 ipsorum
682 2146 773 2177 capita
795 2144 922 2169 membra
937 2146 965 2168 et

37 2196 174 2221 personas
195 2190 271 2214 facta
293 2190 423 2223 diligenti
450 2190 634 2222 inquisitione
663 2190 696 2214 de
724 2188 782 2213 vita
810 2195 962 2213 conversa-

36 2232 113 2257 tione
129 2236 157 2258 et
172 2234 297 2258 moribus
314 2242 413 2259 eorum
433 2234 510 2259 iuxta
533 2241 648 2258 suorum
673 2241 840 2258 excessuum
866 2233 888 2257 si
913 2233 961 2264 qui

39 2277 179 2301 commissi
200 2279 381 2310 reperIantur
403 2279 575 2312 exigentiam
600 2278 744 2311 corrigere
767 2280 795 2302 et
814 2277 914 2310 punire
930 2285 961 2301 ac

38 2320 150 2354 singula
171 2330 224 2353 que
250 2323 278 2347 in
309 2323 376 2354 ipsis
405 2322 586 2347 monasteriis
614 2321 744 2345 domibus
773 2324 858 2354 atque
891 2320 961 2347 locis

37 2363 240 2391 reformatione
259 2369 288 2391 et
307 2368 488 2399 reparatione
513 2367 643 2399 indigere
669 2367 851 2398 reppererint
872 2367 962 2391 refor-

1028 473 1105 490 mare
1127 468 1155 490 et
1179 466 1252 490 circa
1275 465 1323 490 illa
1345 473 1398 497 que
1416 465 1489 490 utin
1506 465 1612 490 eisdem
1628 466 1809 490 monasteriis
1825 467 1954 492 domibus

1027 513 1111 542 atque
1143 510 1211 535 locis
1241 510 1384 543 regularis
1419 509 1600 534 observantia
1631 509 1795 534 huiusmodi
1823 513 1955 536 servetur

1027 557 1168 586 oportuna
1182 554 1307 579 viderint
1328 556 1453 578 statuere
1472 555 1499 578 et
1520 553 1651 578 ordinare
1666 554 1777 585 possint
1795 557 1822 578 et
1839 555 1954 580 valeant

1027 601 1112 631 prout
1135 598 1290 623 secundum
1313 598 1396 622 deum
1419 600 1447 622 et
1467 605 1532 623 suas
1549 597 1738 623 conscientias
1756 597 1794 622 eis
1812 598 1954 624 videbitur

1026 643 1189 667 faciendum
1206 643 1255 667 tibi
1276 645 1374 666 tenore
1389 642 1566 674 presentium
1582 641 1761 666 concedimus
1778 642 1953 668 facultatem.

1027 686 1084 711 Nos
1119 687 1238 720 insuper
1271 686 1450 712 nominandis
1485 688 1515 710 et
1542 685 1713 718 deputandis
1740 685 1858 718 prefatis
1887 686 1951 710 illos

1027 739 1148 764 qnorum
1163 731 1302 756 demerita
1324 731 1350 755 id
1371 730 1516 763 exegerint
1536 737 1551 754 a
1572 729 1714 762 regimine
1730 733 1758 754 et
1774 730 1953 755 administra>

1026 776 1103 800 tione
1134 775 1373 800 monasteriorum
1402 774 1549 798 domorum
1577 774 1705 805 ipsorum
1733 776 1761 798 et
1791 774 1953 799 officiorum

1027 828 1079 853 que
1101 821 1130 844 in
1152 820 1208 844 illis
1230 821 1385 853 gesserunt
1408 818 1559 843 amonendi
1585 820 1613 842 et
1638 818 1714 842 iuxta
1731 818 1861 842 ordinum
1879 819 1954 851 ipso-

1026 873 1089 889 rum
1111 864 1242 888 instituta
1261 863 1405 897 regularia
1428 863 1456 886 in
1472 863 1534 887 loco
1553 864 1714 886 amotorum
1730 862 1798 887 alias
1813 870 1952 894 personas

1026 908 1151 941 ydoneos
1173 908 1328 941 deputandi
1359 906 1529 932 instituendi
1558 910 1586 931 et
1614 906 1793 937 assumendi,
1829 906 1953 939 ipsisque

1027 952 1207 976 monasteriis
1227 952 1354 976 domibus
1379 952 1449 975 locis
1471 959 1502 975 ac
1519 950 1622 974 officiis
1639 950 1805 982 preficiendi
1825 959 1876 975 nec
1894 959 1953 975 non

1027 998 1122 1021 omnIa
1146 1004 1200 1027 que
1225 996 1300 1021 iux-ta
1322 996 1556 1020 reformationem
1581 998 1609 1019 et
1630 995 1838 1026 reparationem
1857 995 1954 1019 huius-

1027 1041 1102 1065 modi
1129 1040 1279 1064 statuenda
1304 1042 1331 1064 et
1356 1039 1513 1064 ordinanda
1537 1038 1715 1063 decreverint
1741 1039 1887 1063 observari
1913 1039 1954 1064 fa—

1027 1084 1118 1109 ciendi
1141 1087 1169 1109 et
1192 1084 1286 1109 debite
1311 1084 1469 1108 executioni
1494 1082 1698 1113 demandandi,
1725 1091 1778 1106 nee
1804 1091 1863 1106 non
1888 1091 1954 1107 con-

1027 1129 1196 1153 tradictores
1214 1128 1355 1160 quoslibet
1382 1130 1409 1152 ct
1431 1128 1552 1152 rebelles
1576 1134 1626 1159 per
1649 1134 1801 1151 censuram
1821 1127 1953 1151 ecclesia-

1027 1174 1127 1198 sticam
1149 1176 1176 1197 et
1197 1173 1250 1197 alia
1275 1172 1344 1196 iuris
1365 1173 1490 1196 remedia
1516 1170 1704 1203 compellendi
1731 1170 1783 1195 hac
1805 1171 1866 1195 vice
1891 1174 1952 1195 tan-

1027 1221 1088 1242 tum
1108 1220 1135 1242 et
1153 1217 1180 1241 in
1198 1218 1379 1241 monasteriis
1392 1237 1398 1248 ,
1424 1224 1477 1248 que
1499 1218 1530 1240 ut
1545 1215 1723 1247 premittitur
1739 1222 1754 1239 a
1774 1216 1830 1239 tuis
1852 1215 1952 1247 prede-

1027 1260 1191 1286 cessoribus
1218 1261 1246 1285 in
1264 1261 1343 1285 dictis
1367 1260 1521 1293 provinciis
1545 1259 1662 1284 fundata
1690 1261 1757 1283 sunt
1781 1260 1952 1283 auctoritate

1028 1307 1183 1338 apostolica
1202 1308 1302 1330 tenore
1322 1303 1500 1336 presentium
1524 1304 1637 1335 plenam
1661 1306 1689 1327 et
1712 1303 1829 1327 liberam
1852 1312 1952 1329 conce-

1028 1350 1117 1374 dimus
1141 1350 1317 1374 facultatem.
1353 1348 1417 1372 Non
1442 1347 1621 1372 obstantibus
1644 1346 1900 1373 constitutionibus
1926 1350 1954 1373 et

1028 1394 1255 1419 ordinationibus
1282 1392 1446 1425 apostolicis
1474 1391 1586 1417 statutis
1610 1398 1722 1422 quoqne
1746 1394 1774 1415 et
1799 1394 1953 1417 ‹eonsuetu-

1028 1438 1140 1463 dinibus
1156 1438 1398 1463 monasteriorum
1417 1437 1565 1461 domorum
1591 1438 1619 1460 et
1642 1435 1770 1459 locorum
1791 1435 1954 1461 huiusmodi

1028 1483 1186 1507 iuramento
1204 1482 1418 1506 confirmatione
1442 1480 1600 1513 apostolica
1618 1479 1662 1503 vel
1681 1487 1850 1511 quacunque
1867 1479 1955 1504 firmi-

1027 1529 1085 1551 tate
1113 1527 1166 1551 alia
1188 1527 1330 1551 roboratis
1357 1523 1508 1550 contrariis
1533 1524 1756 1556 quibuscunque.
1785 1522 1842 1547 Aut
1860 1524 1882 1548 si
1902 1524 1953 1548 ali—

1029 1571 1130 1603 quibus
1155 1571 1344 1595 communiter
1366 1570 1410 1593 vel
1433 1568 1544 1593 divisim
1566 1576 1580 1592 a
1597 1568 1662 1592 sede
1680 1568 1835 1599 apostolica
1852 1568 1888 1592 sit
1911 1568 1954 1592 iu-

1027 1614 1139 1639 (lulfflm
1156 1615 1231 1647 quod
1253 1613 1384 1639 interdici
1407 1613 1541 1645 suspendi
1566 1612 1612 1637 vel
1638 1610 1877 1636 excommunicari
1894 1620 1955 1637 non.

1026 1660 1137 1692 possint
1159 1667 1211 1692 per
1234 1659 1343 1684 litteras
1371 1656 1543 1690 apostolicas
1567 1664 1624 1680 non
1643 1656 1779 1680 facientes
1794 1656 1909 1688 plenam
1926 1659 1954 1680 et

1027 1711 1188 1736 expressam
1211 1711 1242 1727 ac
1265 1704 1297 1728 de
1319 1702 1407 1726 verbo
1423 1701 1457 1726 ad
1475 1701 1593 1726 verbum
1608 1700 1641 1724 de
1661 1700 1772 1724 indulto
1788 1700 1954 1725 huiusmodi

1026 1748 1214 1780 mentionem,
1242 1746 1358 1780 proviso
1387 1745 1462 1778 quod
1485 1745 1597 1770 ratione
1622 1744 1794 1769 visitationis
1818 1747 1845 1768 et
1864 1744 1955 1769 refor-

1026 1791 1162 1816 mationis
1187 1790 1351 1816 huiusmodi
1375 1798 1390 1814 a
1413 1789 1530 1822 prefatis
1554 1788 1735 1813 monasteriis
1762 1788 1892 1813 domibus
1914 1790 1955 1814 at-

1026 1845 1080 1868 que
1105 1836 1174 1860 locis
1192 1835 1282 1860 nichil
1307 1835 1383 1859 ultra
1406 1841 1488 1865 quam
1516 1841 1529 1858 a
1551 1834 1611 1857 iure
1630 1832 1803 1865 permissum
1832 1833 1956 1858 habetur

1026 1880 1240 1913 quomodolibet
1271 1879 1409 1912 exigatur.
1449 1876 1528 1902 Nulli
1558 1884 1628 1909 ergo
1659 1877 1774 1900 omnino
1804 1876 1955 1902 hominum

1026 1926 1111 1950 liceat
1135 1924 1208 1949 banc
1234 1924 1367 1957 paginam
1391 1925 1489 1946 nostre
1513 1921 1708 1945 concessionis
1733 1921 1892 1955 infringere
1908 1921 1956 1945 vel

1026 1970 1050 1994 ei
1076 1977 1147 1994 ausu
1169 1968 1321 1993 temerario
1336 1966 1489 1991 contraire.
1518 1965 1546 1990 Si
1570 1965 1631 1996 quis
1651 1968 1745 1989 autem
1763 1964 1818 1989 hoc
1835 1966 1955 1996 attemp-

1026 2016 1086 2038 tare
1113 2012 1335 2046 presumpserit,
1368 2009 1593 2043 indignationem
1623 2009 1826 2041 omnipotentis
1852 2009 1895 2032 dei
1927 2010 1956 2033 et

1025 2058 1173 2082 beatorum
1195 2056 1274 2081 Petri
1305 2059 1333 2080 et
1357 2054 1439 2079 Pauli
1471 2054 1668 2086 apostolorum
1695 2053 1754 2077 eius
1781 2061 1810 2077 se
1844 2052 1957 2076 noverit

1026 2102 1215 2126 incursurum.
1243 2100 1347 2124 Datum
1372 2099 1463 2123 Rome
1484 2097 1562 2128 apud
1586 2100 1718 2121 sanctum
1735 2096 1854 2121 Petrum
1879 2103 1954 2120 anno

1025 2145 1232 2170 incarnationis
1252 2144 1393 2169 dominice
1410 2142 1560 2167 millesimo
1573 2140 1857 2174 quadringentesimo
1876 2147 1955 2165 sexa-

1025 2190 1144 2222 gesimo.
1176 2188 1293 2213 Decimo
1323 2187 1463 2212 kalendas
1489 2184 1621 2210 Januarii
1655 2184 1840 2217 pontificatus
1863 2184 1955 2209 nostri

1028 2241 1100 2258 anno
1118 2233 1212 2258 tertio.

1579 2273 1623 2297 Ja,
1644 2272 1803 2304 Papiensis.

1409 2318 1504 2343 Gratis
1525 2317 1557 2341 de
1577 2316 1711 2341 mandato
1733 2316 1760 2341 S.
1781 2316 1806 2342 d.
1827 2324 1854 2342 n.
1873 2323 1956 2349 pape.

1568 2360 1599 2386 L.
1620 2361 1653 2385 dc
1674 2360 1812 2387 Rinuciis.

81 2512 158 2539 105.
173 2511 213 2539 K.
236 2511 417 2540 Ericen-*elis
432 2512 738 2547 Mimzbewilssiyunq
753 2511 815 2546 fiir
831 2512 980 2541 Andreas
1001 2511 1246 2541 Weisbrz'acher.
1273 2511 1362 2538 1461
1374 2531 1382 2547 ‚
1406 2510 1533 2537 Jc‘c'nner
1551 2509 1602 2538 12.
1619 2510 1712 2543 Reqy.
1734 2510 1792 2536 No.
1807 2507 1910 2535 3847.

110 2585 164 2610 Jch
181 2585 274 2611 Andre
289 2595 346 2612 von
363 2588 554 2621 VVehpriach,
581 2588 802 2613 erbhofmaister
818 2596 853 2612 zu
873 2587 961 2621 Tirol,

41 2628 152 2654 bekenn
177 2630 224 2655 fiir
249 2630 325 2655 mich
340 2631 396 2655 vnd
419 2632 456 2656 all
481 2632 557 2656 mein
577 2633 681 2664 erben,
713 2632 768 2656 rnd
795 2633 845 2656 tun
869 2633 962 2657 kundt

43 2672 200 2698 oss'ennlich
219 2673 268 2699 mit
290 2674 353 2700 dem
365 2674 460 2701 briefe.
480 2675 529 2701 Als
548 2676 596 2702 der
612 2676 962 2711 allerdurcbleuchttigist

1030 2588 1105 2613 fiirst
1124 2586 1179 2611 vnrl
1200 2586 1268 2610 herr
1283 2586 1335 2610 her
1347 2585 1515 2616 Fridressch,
1543 2584 1713 2610 Riimischer
1734 2583 1830 2608 kaiser
1855 2589 1891 2606 zu
1915 2582 1956 2606 al-

1029 2632 1185 2657 lentzeiten
1209 2638 1304 2655 merer
1327 2630 1374 2655 des
1398 2630 1503 2654 Reichs
1533 2638 1569 2654 zu
1591 2628 1750 2661 Hungarn‚
1784 2626 1956 2652 Dalmatien.

1030 2676 1165 2702 Croatien
1194 2678 1244 2700 etc.
1272 2675 1377 2708 kunig,
1403 2673 1527 2708 hertzog
1549 2682 1585 2699 zu
1608 2671 1791 2705 osterreich,
1817 2679 1848 2696 ze
1869 2670 1954 2703 Steir,
