2209 2858
197 146 308 179 xxiv

597 130 805 186 Anhang.
838 127 1000 184 Konig
1028 123 1278 168 Friedrich
1307 122 1395 166 IV.
1429 134 1538 175 1442,
1565 133 1652 178 July
1679 133 1736 167 19.

188 216 2080 242 ffl

197 285 341 317 ,αι-11110105
357 283 552 308 dissentiones.
570 288 621 305 nec
638 289 694 305 non
708 280 863 313 patriarum
879 281 906 303 et
921 277 1105 303 ecclesiarum

198 329 424 353 conturbationes
447 334 477 350 ac
500 324 658 359 perniciosa
684 323 910 349 inconvenientia
928 325 956 347 et
974 320 1106 345 scandala

199 374 276 405 sequi
299 374 431 404 possent,
463 369 516 395 nisi
538 370 570 394 de
595 370 716 394 remedio
742 368 935 401 provideretur
957 368 1105 399 oportuno,

197 425 246 440 nos
270 417 362 448 itaque
380 417 515 447 quantum
539 422 601 438 cum
625 414 675 438 deo
701 420 850 445 possumus
875 411 914 436 eis
930 410 1043 434 obviare
1058 417 1104 433 cu-

196 461 300 491 pientes
324 462 351 483 ct
373 459 407 483 ad
432 466 462 483 ea
486 466 538 490 que
560 458 635 490 pacis
656 460 721 481 sunt
742 460 841 480 nostra
859 455 962 488 iugiter
978 455 1103 478 ferentes

193 504 341 532 desideria,
364 511 412 527 ros
435 510 518 536 reges
538 511 569 527 ai:
586 502 750 526 serenitates
766 502 874 524 vestras
890 502 998 524 attente
1017 502 1043 523 et
1061 505 1103 522 se—

192 549 264 572 riose
285 551 445 572 exortamur
468 547 552 571 duces
573 545 750 570 marchiones
770 544 976 575 universosque
999 542 1103 575 princi-

193 599 240 622 pes
257 594 312 616 tam
332 591 539 616 ecclesiasticos
557 597 639 622 quam
656 588 797 613 seculares
812 588 917 613 seriose
932 585 1102 619 requirimus

192 636 347 668 veterisque
366 635 529 668 supradictis
544 637 571 658 et
589 641 685 659 eorum
702 633 815 657 cuilibet
831 632 864 657 de
886 639 1035 665 procerum
1051 639 1101 656 no-

191 682 312 704 strorum
330 680 449 704 consilio
466 681 492 703 et
511 686 628 703 assensu
645 677 772 702 districte
786 676 877 709 regali
891 679 989 701 nostra
1004 678 1101 700 aucto-

188 726 270 748 ritate
288 723 456 755 precipimus
477 722 648 755 iniungimus
666 723 693 746 et
709 721 882 751 mandamus,
900 722 1038 752 quatenus
1050 720 1100 744 sub

190 767 390 800 indignationis
411 770 507 790 nostre
527 765 630 799 regalis
646 763 804 796 majestatis
826 772 878 789 nec
896 772 954 788 non
967 764 1100 796 perditio-

189 811 230 835 nis
260 812 384 835 oniuium
410 813 438 834 et
466 809 640 843 singulorum
661 809 876 842 privilegiorum
898 811 1058 832 vestrorum
1085 816 1100 832 a

187 855 255 878 divis
273 855 377 878 nostris
400 853 645 886 predecessoribus
664 852 881 885 imperatoribus
897 860 1099 878 concessorum

188 899 281 930 penis,
308 906 375 930 quas
403 897 490 929 quoad
512 897 604 921 locum
629 904 678 921 seu
704 897 765 921 loca
784 897 829 921 ubi
845 897 1025 933 presentibus
1048 905 1098 921 no-

187 943 251 966 stris
272 942 407 966 mandatis
425 944 642 966 contraventum
666 941 702 966 sit
718 941 762 965 rel
778 940 864 965 suerit
881 941 1034 973 quemlibet
1052 948 1098 965 ve-

186 990 273 1010 strum
291 985 540 1010 contrafacientem
565 985 623 1016 ipso
645 984 718 1009 sacto
738 985 882 1009 incurrere
905 987 933 1009 et
954 985 1096 1010 subiacere

185 1031 312 1054 volumus
326 1037 360 1053 ne
370 1030 490 1061 aliquem
501 1036 549 1053 seu
560 1029 666 1060 aliquos
676 1028 897 1053 ecclesiasticum
907 1037 956 1053 seu
965 1029 1096 1054 ecclesia-

185 1074 268 1097 sticos
284 1074 327 1097 vel
343 1074 485 1098 seculares
505 1074 532 1097 in
550 1073 618 1097 locis
635 1073 753 1097 diuersis
771 1071 931 1097 civitatibus
948 1072 1021 1098 villis
1037 1074 1096 1105 opi-

184 1118 224 1140 dis
241 1118 340 1141 castris
360 1120 408 1142 aut
425 1117 554 1149 capitulis
572 1117 673 1141 vestris
691 1117 872 1141 beneficiatos
890 1124 939 1141 seu
955 1124 1095 1148 quoscun-

183 1169 234 1192 que
253 1161 321 1185 alios
344 1161 489 1184 incensione
507 1159 675 1184 divisionum
691 1168 740 1185 seu
757 1160 984 1185 differentiarum
999 1161 1096 1186 huius<

182 1206 254 1229 modi
277 1205 304 1228 in
321 1205 470 1236 pretatur-is
488 1204 673 1237 dignitatibus
687 1204 788 1228 officiis
804 1204 948 1229 beneficiis
963 1206 1095 1237 personis

185 1249 289 1272 honore
306 1249 378 1273 sarna
396 1251 470 1273 statu
484 1249 528 1273 vel
545 1248 625 1272 bonis
643 1248 699 1272 suis
714 1248 822 1272 turbari
833 1248 976 1272 molestari
988 1248 1095 1281 inquie-

183 1293 233 1316 tari
252 1295 298 1316 aut
314 1292 406 1316 vexari
422 1300 472 1316 seu
488 1299 719 1324 quarumcunque
732 1292 895 1316 citationum
906 1291 1095 1318 monitionum

182 1336 368 1367 privationum
385 1335 554 1366 ejectionum
572 1336 790 1368 suspensionum
808 1336 1029 1361 declarationum
1048 1340 1096 1362 aut

183 1387 411 1411 quorumcunque
426 1379 621 1404 mandatorum
636 1388 689 1411 que
707 1380 842 1404 adversus
864 1385 911 1404 eo's
928 1380 1026 1405 forsan
1048 1384 1097 1406 ant

183 1425 301 1449 alterum
325 1425 450 1456 ipsorum
474 1424 546 1448 sacta
570 1424 677 1448 suerint
701 1432 749 1448 seu
776 1423 834 1448 fieri
857 1424 1096 1456 protenderentur

182 1469 227 1492 wel
244 1470 442 1502 contingerent
457 1469 516 1493 fieri
538 1469 565 1492 in
591 1469 717 1492 futurum
737 1468 857 1500 aliquam
874 1468 1096 1500 publicationem

183 1512 341 1537 all'ixionem
359 1513 583 1537 fulminationem
602 1513 645 1537 vel
659 1511 882 1544 qualemcunque
899 1513 980 1537 aliam
999 1521 1097 1538 execu-

183 1558 287 1582 tionem
307 1557 366 1581 fieri
385 1557 580 1589 quoquomodo
596 1557 765 1588 permittatis
788 1556 935 1589 patiamini
952 1557 998 1581 rel
1012 1558 1096 1582 tolle-

183 1602 248 1625 retis
267 1601 429 1633 quinymmo
446 1608 579 1633 personas
596 1602 668 1632 ipsas
686 1601 888 1625 ecclesiasticas
909 1604 936 1626 et
953 1601 1095 1626 seculares

183 1645 209 1669 in
227 1644 282 1669 suis
298 1645 447 1677 prelaturis
462 1645 644 1679 dignitatibus
663 1644 806 1669 beneficiis
824 1644 924 1669 officiis
942 1645 1021 1670 bonis
1044 1646 1096 1670 ho-

182 1689 295 1713 noribus
312 1689 395 1713 rebus
411 1692 437 1713 et
454 1689 582 1721 personis
596 1689 699 1714 liberos
715 1687 823 1720 quietos
841 1691 868 1713 et
882 1689 1013 1722 pacificos
1029 1698 1096 1714 con-

182 1733 299 1758 servetis
322 1733 529 1757 manuteneatis
554 1736 581 1757 ct
605 1732 761 1757 defendatis
789 1735 816 1757 et
842 1740 1024 1765 quoscunque
1049 1735 1094 1766 qui

182 1778 327 1802 occasione
345 1777 467 1809 predicta
484 1778 596 1809 spoliati
610 1777 687 1801 eiecti
699 1785 747 1801 seu
761 1776 953 1809 dampnificati
965 1779 1012 1802 aut
1025 1778 1094 1803 alias

181 1821 322 1845 molestati
346 1821 387 1845 rel
411 1822 535 1852 injuriati
554 1822 657 1845 suerint
676 1821 862 1846 communiter
879 1822 923 1846 vel
938 1822 1050 1847 divisim
1067 1823 1095 1847 in

181 1866 331 1897 pristinum
355 1867 457 1889 statum
484 1874 514 1889 ac
540 1866 567 1889 in
589 1865 731 1899 integrum
756 1865 815 1890 sine
833 1874 1000 1898 quacunque
1016 1867 1094 1891 dilla-

180 1910 258 1933 =·ione
279 1910 345 1933 risis
363 1910 542 1941 presentibus
560 1910 703 1941 reponatis
717 1912 743 1935 et
759 1911 916 1935 restituatis
933 1918 982 1935 seu
997 1911 1095 1944 reponi

180 1958 205 1978 et
222 1952 332 1977 restitui
352 1954 459 1986 integre
476 1954 591 1983 faciatis,
608 1958 736 1986 preterea
757 1963 792 1979 ne
810 1956 937 1980 executio
954 1956 1094 1987 presentis

182 1996 270 2021 nostri
296 1998 419 2022 mandati
438 1998 510 2030 apud
532 2006 582 2022 vos
607 1999 657 2023 sub
679 1999 902 2024 dissimulatione
926 2003 974 2024 aut
998 2000 1094 2025 favore

179 2043 266 2074 possit
281 2042 410 2074 preteriri
426 2045 453 2067 et
469 2050 533 2066 cum
548 2050 594 2066 res
613 2043 664 2067 hec
682 2043 841 2076 specialiter
863 2045 1094 2076 propter-bonum

180 2087 252 2118 pacis
272 2086 438 2110 universalis
457 2085 574 2111 ecclesie
592 2087 672 2111 nobis
695 2087 769 2112 cordi
793 2088 892 2113 existat
914 2089 986 2113 dicta
1003 2090 1093 2123 regali

180 2131 343 2154 auctoritate
371 2137 402 2154 ac
432 2134 530 2155 tenore
555 2132 730 2163 presentium
761 2132 892 2157 volumus
917 2133 1093 2158 decernimus

180 2174 325 2198 statuimus
346 2177 373 2198 et
393 2175 571 2204 ordinamus,
592 2175 665 2207 quod
686 2176 732 2200 ille
752 2177 796 2201 vel
817 2177 857 2201 illi
877 2178 922 2209 qui
942 2178 1093 2210 premisso-

180 2225 239 2241 rum
257 2219 400 2243 occasione
423 2223 449 2243 et
469 2222 568 2243 contra
587 2220 727 2251 presentis
750 2219 841 2245 nostri
856 2222 978 2246 mandati
992 2222 1092 2247 volun-

172 2262 384 2293 ·tatom.pri=ati
405 2263 515 2294 spoliati
536 2263 617 2288 eiecti
637 2264 746 2297 gravati
761 2264 811 2289 lesi
830 2265 1018 2297 dampnificati
1035 2274 1093 2291 mo-

179 2304 271 2328 lestati
293 2305 415 2335 injuriati
443 2307 486 2330 rel
513 2308 641 2339 oppressi
670 2307 776 2332 suerint
804 2309 913 2340 possint
934 2312 961 2334 et
980 2310 1093 2335 valeant

180 2349 230 2372 sibi
258 2348 362 2381 eligere,
391 2352 417 2373 et
443 2351 586 2375 nominare
608 2360 805 2384 quemcunque
826 2354 946 2378 alterum
966 2357 1092 2379 vestrum

177 2392 363 2424 predictorum
391 2397 435 2418 aut
467 2395 562 2426 plures
588 2396 632 2420 rel
659 2397 891 2422 communitatem
916 2406 967 2431 pro
994 2407 1092 2423 eorum

175 2436 298 2467 querelis
328 2444 376 2461 seu
396 2437 504 2462 iniuriis
528 2441 674 2464 summarie
706 2442 923 2473 proponendum
948 2446 975 2467 et
996 2451 1092 2475 prose-

176 2480 316 2511 quendum
333 2480 375 2504 cui
392 2481 436 2505 vel
454 2482 556 2512 quibus
575 2483 612 2507 sic
628 2485 723 2509 electis
740 2486 783 2510 rel
798 2486 934 2520 eligendis
951 2490 1008 2512 tam
1025 2496 1092 2512 con-

177 2524 291 2547 iunctim
318 2531 400 2555 quam
435 2524 545 2549 ‹lixis-im
572 2535 679 2552 exnunc
705 2533 787 2561 prout
810 2535 911 2555 extunc
941 2534 968 2555 et
991 2534 1091 2557 extunc

175 2570 257 2598 prout
281 2574 389 2592 ernune
405 2568 499 2593 audita
520 2570 633 2601 quercla
652 2572 778 2603 ipsorum
794 2574 968 2606 privatorum
987 2578 1088 2610 spolia>

1171 277 1264 299 torum
1290 274 1443 300 eiecturum
1467 275 1651 307 gravatorum
1674 274 1800 298 lesorum
1821 274 2086 307 dampnificatorum

1170 320 1379 344 molestator-um
1392 317 1585 343 iniuriatorum
1599 320 1627 342 et
1635 325 1837 350 oppressorum
1851 319 1884 343 de
1895 321 1923 344 et
1933 318 2088 352 superipsa

1170 372 1220 397 per
1235 372 1284 388 vos
1301 368 1347 388 aut
1364 364 1482 388 alterum
1498 365 1623 387 vestrum
1639 362 1840 388 informatione
1850 363 1924 388 sacta
1935 361 2088 388 summaria

1170 409 1266 432 damus
1284 409 1464 433 concedimus
1481 410 1508 432 et
1528 407 1676 431 tribuimus
1692 407 1848 439 plenariam
1863 411 1891 432 et
1908 408 2027 433 liberam
2038 417 2085 440 po·

1170 456 1300 477 testatem
1326 461 1375 477 seu
1399 453 1559 477 mandatum
1580 455 1608 476 ct
1625 451 1802 481 facultatem,
1819 451 1969 477 vniuersos
1987 455 2014 477 et
2030 453 2085 476 sin-

1169 498 1251 531 gulos
1267 497 1434 529 spoliatores
1450 498 1586 521 eiectores
1604 499 1769 531 gravatores
1787 496 1892 521 lesores
1903 496 2069 530 dampnitics

1168 545 1246 566 tores
1263 541 1460 566 molestatores
1476 544 1503 566 et
1516 541 1694 566 iniuriatores
1721 548 1752 565 ac
1772 547 1870 564 eorum
1891 540 1919 565 iu
1939 540 1992 566 hac
2006 544 2086 574 parte

1169 586 1293 610 fautores
1309 586 1361 610 sub
1378 586 1545 618 pecuniariis
1564 585 1679 610 arbitrio
1702 587 1796 610 vestro
1819 592 1850 609 ac
1869 585 2021 611 cuiuslibet
2038 594 2086 611 ve-

1168 633 1259 655 strum
1273 630 1460 655 ordinandum
1476 632 1504 654 et
1518 629 1736 662 specificandum
1751 629 1817 654 fisco
1832 632 1931 654 nostro
1944 630 2085 662 imperiali

1169 677 1197 699 et
1218 675 1290 707 parti
1314 675 1372 700 lese
1395 674 1576 707 conquerenti
1598 674 1739 699 mediatim
1760 668 1959 706 applicandum
1982 677 2010 700 et
2034 675 2086 700 sub

1167 719 1251 744 banni
1274 719 1366 743 nostri
1389 719 1541 751 imperialis
1566 719 1647 751 penis
1668 727 1738 751 quas
1755 726 1863 743 exnunc
1878 721 1965 751 prout
1981 721 2085 744 extunc

1167 765 1195 788 et
1219 766 1319 788 extunc
1341 766 1427 796 prout
1453 771 1562 788 exnunc
1594 771 1641 788 eos
1663 766 1691 787 et
1705 771 1802 788 eorum
1823 762 1977 794 quemlibet
1999 763 2083 788 simili

1166 808 1248 832 modo
1264 808 1409 832 incurrere
1425 810 1453 832 et
1472 807 1617 832 subiacere
1634 808 1765 832 volumus
1786 807 1838 832 nisi
1856 807 1959 832 vestris
1975 815 2084 840 ymmo-

1166 852 1258 877 verius
1277 852 1383 877 nostris
1404 852 1542 877 mandatis
1566 853 1714 884 paruerint
1738 860 1802 876 cum
1818 851 1922 877 effectu
1937 852 2084 884 requiren-

1166 896 1232 921 dum
1248 896 1434 921 mandandum
1447 896 1657 928 precipiendum
1673 896 1879 931 injungendum
1905 899 1932 921 et
1952 895 2084 921 inhiben—

1165 940 1230 965 dum
1251 944 1282 965 ut
1304 940 1378 965 infra
1400 944 1509 965 certum
1531 941 1683 966 terminum
1707 943 1915 973 competentem
1936 948 2021 972 quem
2041 939 2082 965 eis

1164 987 1212 1009 aut
1227 993 1326 1009 eorum
1341 985 1458 1009 cuilibet
1474 985 1608 1010 duxeritis
1623 985 1821 1018 prefigendum
1844 985 1878 1010 ab
1897 984 2002 1010 eisdem
2017 993 2081 1018 spo-

1162 1029 1327 1054 liationibus
1345 1028 1558 1054 detencionibus
1577 1029 1760 1054 electionibus
1778 1029 1916 1054 recedant
1933 1028 2082 1061 dampnifi-

1165 1073 1377 1105 cationibusque
1402 1075 1431 1098 et
1453 1074 1698 1098 molestationibus
1719 1076 1833 1099 cessent
1854 1076 1882 1099 et
1903 1072 2020 1105 injurias
2037 1081 2081 1098 re·

1160 1120 1269 1150 parent,
1280 1117 1354 1149 quod
1364 1119 1385 1142 si
1401 1118 1495 1142 facere
1505 1118 1700 1143 recusaverint
1713 1121 1761 1143 aut
1774 1118 1845 1143 alter
1861 1119 1985 1151 ipsorum
2000 1125 2081 1143 recu-

1161 1162 1282 1192 saverit,
1299 1162 1376 1186 vobis
1398 1162 1538 1186 universis
1559 1165 1586 1187 et
1601 1162 1721 1196 singulis
1742 1162 1910 1195 supradictis
1933 1162 2029 1187 damus
2052 1162 2080 1187 in

1159 1205 1299 1230 mandatis
1321 1208 1349 1230 et
1372 1206 1536 1230 facultatem
1550 1206 1731 1231 concedimus
1749 1206 1921 1239 plenariam,
1937 1214 2036 1231 omnes
2054 1209 2082 1231 et

1161 1250 1289 1285 singulos
1311 1252 1342 1274 ut
1358 1250 1535 1282 premittitur
1549 1250 1702 1281 requisitos
1721 1258 1772 1275 seu
1784 1250 1970 1282 requirendos
1991 1253 2020 1275 et
2035 1257 2080 1274 eo-

1160 1303 1223 1320 rum
1239 1295 1366 1319 fautores
1382 1294 1485 1319 vestris
1500 1295 1691 1326 ymmoverius
1706 1294 1812 1318 nostris
1828 1294 1966 1318 mandatis
1985 1293 2081 1317 inobe-
2111 1319 2114 1322 ,

1161 1339 1269 1364 dientes
1290 1338 1433 1371 predictos
1459 1346 1489 1363 ac
1515 1346 1612 1363 eorum
1635 1338 1710 1362 bona
1735 1337 1850 1362 mobilia
1874 1339 1903 1362 et
1926 1336 2081 1362 immobilia

1161 1384 1322 1414 ubicunque
1346 1383 1374 1407 in
1396 1382 1470 1406 dicto
1497 1383 1615 1414 imperio
1636 1382 1742 1415 reperti
1764 1389 1814 1406 seu
1835 1384 1951 1416 reperta
1973 1380 2081 1407 fuerint

1161 1427 1287 1460 capiendi
1313 1427 1467 1451 arrestandi
1500 1426 1692 1451 incarcerandi
1723 1430 1751 1451 et
1774 1426 1917 1454 detinendi
1940 1426 2030 1451 donec
2051 1428 2081 1452 et

1160 1478 1307 1504 quousque
1324 1471 1405 1496 dictis
1429 1471 1567 1495 mandatis
1584 1472 1613 1495 et
1627 1470 1861 1502 requisitionibus
1883 1471 2031 1503 paruerint
2052 1472 2080 1496 et

1161 1516 1194 1540 de
1212 1516 1293 1541 dictis
1315 1515 1396 1548 penis
1417 1523 1466 1548 per
1487 1524 1536 1539 vos
1558 1523 1607 1540 neu
1632 1515 1753 1539 alterum
1775 1515 1902 1547 ipsorum
1925 1517 2079 1547 propterea

1162 1560 1319 1585 commissis
1337 1560 1529 1585 satisfecerint
1544 1559 1674 1592 plenarie
1695 1561 1723 1584 et
1743 1567 1806 1583 cum
1823 1558 1928 1584 effectu
1939 1562 2082 1591 autsuper

1161 1605 1214 1630 hec
1235 1612 1250 1629 a
1274 1604 1354 1629 nobis
1378 1603 1454 1628 aliud
1474 1603 1636 1636 receperitis
1653 1603 1681 1627 in
1696 1603 1846 1634 mandatis,
1861 1603 1891 1627 iu
1905 1603 2080 1628 contrarium

1161 1649 1330 1673 facientibus
1349 1656 1407 1673 non
1430 1646 1610 1672 obstantibus
1634 1647 1865 1679 quibuscunque,
1885 1655 1984 1672 verum
2004 1639 2080 1679 quod

1161 1693 1291 1717 fortassis
1308 1695 1425 1724 propter
1447 1693 1573 1716 locorum
1589 1691 1636 1716 vel
1651 1691 1772 1716 marium
1787 1691 1947 1716 discrimina
1962 1699 2080 1724 presen-

1161 1739 1204 1762 tes
1221 1739 1318 1761 nostre
1335 1736 1413 1760 litere
1424 1744 1475 1768 pro
1491 1735 1692 1768 prosecutione
1708 1735 1889 1767 querelarum
1905 1743 2080 1768 conqueren-

1161 1783 1231 1806 tium
1248 1780 1363 1805 comode
1377 1780 1480 1805 defen-i
1495 1787 1553 1804 non
1569 1783 1703 1812 possent,
1722 1780 1854 1804 volumus
1871 1782 1900 1804 et
1914 1779 2080 1804 auctoritate

1160 1829 1259 1850 nostra
1272 1824 1352 1858 regia
1368 1824 1492 1856 predicta
1503 1823 1680 1849 decernimus
1697 1824 1848 1849 statuimus
1864 1826 1893 1849 et
1907 1824 2081 1855 ordinamus,

1161 1873 1192 1894 ut
1214 1871 1409 1901 transsumpto
1437 1876 1487 1893 seu
1510 1868 1632 1892 vidimus
1656 1869 1779 1901 ipsarum
1808 1868 1927 1893 subsillo
1949 1876 2081 1900 quorum-

1162 1921 1272 1945 cunque
1291 1913 1568 1946 archiepiscoporum
1584 1913 1781 1945 episcoporum
1802 1913 1846 1938 vel
1864 1913 2077 1938 archidiacono<

1161 1966 1224 1982 rum
1240 1961 1289 1982 aut
1304 1965 1399 1982 earum
1417 1958 1557 1982 curiarum
1573 1965 1695 1982 vnacum
1713 1957 1919 1990 subscriptione
1934 1956 2081 1982 cuiuscun-

1162 2009 1216 2033 que
1230 2001 1334 2026 notarii
1350 2002 1455 2034 publici
1473 2002 1601 2027 conlecto
1619 2001 1683 2027 talis
1697 2004 1725 2026 et
1741 2004 1818 2027 tanta
1829 2001 1996 2026 adhibeatur
2011 2000 2080 2025 fides

1163 2048 1189 2071 in
1202 2046 1309 2077 judicio
1336 2049 1363 2070 et
1384 2049 1461 2071 extra
1480 2046 1654 2078 ubicunque,
1678 2047 1767 2078 qualis
1793 2049 1820 2071 et
1835 2049 1940 2077 quauta
1957 2044 2082 2070 adhibita

1162 2093 1238 2115 esset
1261 2093 1309 2114 aut
1326 2090 1507 2115 adhiberetur
1522 2090 1647 2122 presenti
1667 2089 1798 2123 originali
1821 2090 1843 2114 si
1868 2088 2015 2120 injudicio
2032 2092 2081 2114 aut

1161 2135 1229 2159 alias
1244 2134 1345 2159 alicubi
1357 2135 1384 2158 in
1399 2135 1521 2159 medium
1535 2135 1760 2167 produceretur3
1777 2136 1907 2167 preterea
1923 2133 2081 2166 siipsorum

1162 2179 1345 2212 spoliantium
1369 2179 1540 2204 eiii-ientium
1555 2179 1814 2212 dampnificantium
1835 2181 1863 2203 et
1887 2179 2079 2204 iniuriantium

1161 2226 1209 2248 aut
1227 2224 1294 2248 alias
1311 2224 1536 2255 delinquentium
1551 2223 1695 2257 presentia
1708 2232 1759 2256 pro
1776 2223 1878 2248 vestris
1889 2225 2080 2256 ymmorerius

1160 2267 1268 2292 nostris
1288 2269 1421 2301 predictis
1441 2259 1672 2301 requisitionibus
1695 2270 1722 2293 et
1739 2267 1878 2292 mandatis
1894 2276 1946 2301 per
1963 2276 2014 2293 vos
2031 2271 2081 2293 aut

1162 2313 1282 2337 alterum
1298 2315 1425 2338 restrum
1440 2313 1574 2338 faciendis
1596 2315 1654 2338 tute
1669 2313 1785 2337 comode
1804 2313 1851 2338 vel
1867 2320 1967 2338 secure
1983 2313 2079 2345 nequi-

1160 2360 1203 2382 ret
1219 2357 1334 2388 haberi,
1352 2358 1430 2382 robis
1446 2359 1646 2390 requisitiones
1664 2359 1692 2382 et
1708 2357 1841 2382 mandata
1855 2357 2016 2382 huiusmodi
2028 2365 2080 2390 per

1161 2401 1235 2426 dicta
1251 2402 1363 2434 publica
1379 2403 1406 2427 in
1424 2403 1493 2427 locis
1511 2403 1629 2435 publicis
1647 2401 1800 2435 affigenda,
1815 2402 1849 2427 de
1862 2402 1962 2435 quibus
1980 2402 2016 2427 sit
2031 2410 2077 2427 re-

1160 2446 1285 2470 risimilis
1301 2447 1461 2472 coniectura
1482 2447 1554 2479 quod
1574 2447 1607 2471 ad
1624 2446 1752 2471 notitiam
1770 2447 1997 2479 delinquencium
2013 2455 2078 2483 pre-

1161 2490 1298 2515 dictorum
1324 2491 1473 2523 pervenire
1489 2492 1615 2521 valeant,
1637 2491 1756 2516 faciendi
1773 2492 1887 2523 plenam
1912 2495 1941 2517 et
1961 2493 2077 2517 liberam

1161 2534 1338 2559 concedimus
1355 2540 1451 2560 tenore
1470 2536 1644 2568 presentium
1660 2536 1825 2560 facultatem
1841 2536 1970 2561 volentes
1987 2538 2078 2569 requi-

1161 2579 1290 2604 sitionem
1316 2583 1343 2604 et
1368 2580 1497 2605 mandata
1514 2580 1675 2605 huiusmodi
1699 2580 1815 2613 perinde
1834 2580 1910 2614 ipsos
1927 2583 2075 2615 requisitos

2206 176 2209 219 l

2205 229 2209 256 l
