2235 2859
408 222 615 280 Anhang.
648 221 898 266 Friedrich
921 221 1012 265 IV.
1043 220 1168 278 (III.)
1195 233 1314 272 1467,
1343 232 1475 276 August
1494 233 1553 266 22.

1739 229 1920 264 CLXXIX

48 374 101 399 nisi
121 373 188 406 ipsis
209 372 300 397 valida
321 371 371 396 fiat
389 372 566 403 resistentia,
593 372 667 404 quod
689 374 791 396 cuncto
813 370 871 395 orbi
892 370 964 394 chri>

49 418 140 443 stiano
157 417 284 441 Romano
304 419 403 440 nostro
423 416 541 449 imperio
565 423 678 441 enorme
699 417 727 440 et
747 413 965 446 irrecuperabile

50 461 202 494 dampnum
227 461 283 484 sint
302 458 417 485 illaturi.
439 462 508 486 Cnm
525 462 617 484 autem
639 468 670 484 ex
689 459 828 491 imperiali
843 459 965 484 culmine

49 508 81 530 ut
98 505 190 538 parati
211 512 307 528 snmus
328 506 355 528 et
375 512 425 536 pro
445 504 548 528 nostris
570 503 675 529 viribus
695 503 816 527 libenter
834 503 964 527 volumus

49 556 186 574 summam
207 551 355 572 teneamur
370 547 546 580 diligentiam
567 547 715 577 adhibere,
735 549 767 570 ut
786 546 880 571 diuine
901 554 965 580 gra—

47 593 87 617 tie
107 592 209 617 auxilio
230 592 398 616 sanctissimi
420 591 523 615 domini
541 591 630 615 nostri
650 598 722 623 pape
743 592 771 615 et
791 590 965 615 Christiano-

51 645 114 661 rum
149 644 249 670 regum
282 635 441 668 principum
468 634 646 659 dominorum
671 637 699 659 et
729 634 965 658 Christicolarum

49 679 168 705 aliorum
189 679 309 712 presidio
330 683 358 704 et
376 679 537 704 assistentia
556 679 702 711 nephariis
713 678 815 703 Turcis
829 681 965 703 strennue

49 724 209 750 resistatur.
229 723 265 747 Et
284 724 352 754 quia}
362 731 411 755 per
430 725 543 748 nostros
564 725 592 747 et
611 722 720 754 imperii
737 724 873 748 electores
888 722 965 755 prin-

49 768 125 801 cipes
151 767 356 793 ecclesiasticos
383 768 411 792 et
437 766 580 791 seeulares
599 767 724 799 prelatos
746 767 862 791 comites
883 766 966 790 baro-

48 820 100 837 nes
120 816 149 837 et
167 812 297 836 ciuitates
318 809 347 834 in
367 811 442 835 dieta
462 809 644 843 Nurinberge
665 811 696 836 ad
716 811 822 836 festum
842 809 869 835 S.
889 809 965 834 Mar-

49 854 102 880 tini
121 854 246 888 proxime
267 855 393 887 elapsum
411 861 506 879 coram
527 854 684 886 apostolico
713 856 809 888 legato
829 855 967 879 delibera·

49 901 110 924 tum
130 902 187 929 est,
207 898 279 931 quod
300 898 523 927 contrajTurcos
537 907 588 931 per
608 898 803 924 Germanicam
823 899 966 923 nationem

49 943 122 968 mitti
141 943 230 976 possit
248 951 332 968 nemo
352 942 405 968 nisi
424 943 502 975 prius
522 942 673 968 laudabilis
688 943 828 977 generalis
849 950 901 975 pax
920 942 968 966 du-

51 992 147 1011 ratura
174 987 367 1018 quinquennio
396 994 411 1011 a
435 987 516 1012 nobis
538 986 716 1019 concipiatur
736 991 764 1012 et
783 986 969 1011 concludatur

50 1038 104 1063 que
124 1032 151 1055 et
171 1031 351 1055 serenissimo
373 1033 472 1055 nostro
491 1038 562 1063 papa
583 1031 769 1056 confirmetur
788 1034 815 1056 et
830 1030 968 1062 imperiali

48 1076 146 1100 nostra
165 1075 334 1099 auctoritate
365 1075 417 1099 sub
447 1076 511 1099 altis
532 1077 560 1100 et
579 1076 715 1109 grauibus
737 1075 816 1107 penis
836 1074 969 1099 ecclesia-

46 1119 131 1143 'sticis
151 1121 179 1143 et
198 1118 373 1144 secularibus
396 1119 540 1143 observari
560 1119 718 1146 mandetur.
740 1119 832 1150 Quam
854 1119 888 1143 ob
908 1108 968 1143 rem

46 1165 80 1187 ut
98 1162 253 1187 christiane
273 1166 369 1188 nostre
389 1162 451 1187 fidei
472 1166 570 1188 contra
589 1163 666 1195 ipsos
687 1163 837 1196 nepharios
857 1162 968 1187 Turcos

51 1210 252 1236 succurratur,
277 1210 369 1231 mater
395 1210 493 1231 nostra
518 1208 646 1232 Romana
673 1207 793 1231 eeclesia
818 1207 969 1231 roboretur

52 1258 105 1282 pax
134 1253 162 1274 et
189 1250 337 1275 concordia
364 1251 393 1274 in
420 1258 500 1275 sacro
526 1251 655 1275 Romano
683 1250 801 1282 imperio
822 1250 970 1274 fructuose

51 1297 284 1324 manuteneatur,
305 1294 501 1318 malefactores
521 1298 549 1319 et
567 1293 688 1319 rebelles
708 1301 846 1326 penarum
867 1293 971 1318 seneri-

52 1341 110 1364 tate
138 1339 293 1371 puniantur
320 1339 391 1362 sacri
418 1338 539 1363 Romani
568 1337 677 1371 imperii
698 1341 787 1363 strata
808 1345 971 1363 assecuren-

52 1386 99 1408 tur
118 1386 146 1407 et
164 1383 363 1416 pacHicentur,
385 1382 468 1406 vidue
488 1383 588 1415 pupilli
609 1386 636 1407 et
656 1383 753 1415 inopes
771 1384 971 1415 protegantur,

50 1434 198 1451 commune
237 1427 355 1458 (lenique
391 1427 495 1450 bonum
531 1430 558 1450 et
583 1427 729 1451 comodum
757 1430 970 1460 promoueatur,

52 1471 143 1496 animo
170 1471 323 1495 deliberato
350 1474 378 1495 et
404 1474 513 1495 maturo
540 1474 706 1495 nostrorum
734 1474 763 1495 et
782 1471 901 1495 Romani
921 1470 971 1494 im-
992 1491 993 1494 ,

53 1515 123 1548 perii
143 1515 267 1539 fidelium
290 1514 408 1538 consilio
429 1514 663 1539 deliberationem
683 1513 758 1538 illam
779 1516 807 1538 et
826 1514 969 1539 consulta>

52 1559 158 1584 tionem
180 1559 208 1582 in
235 1558 307 1583 festo
329 1558 356 1584 S.
371 1557 485 1582 Martini
505 1558 630 1582 habitam
651 1560 830 1591 acceptamus
850 1557 972 1583 ratifica-

51 1609 114 1627 mus
134 1604 162 1626 et
181 1603 370 1634 approbamus
389 1604 488 1626 tenore
508 1603 683 1634 presentium
704 1602 846 1627 vniuersis
867 1605 895 1627 et
914 1602 970 1626 sin-

53 1647 129 1681 gulis
150 1646 228 1670 vobis
250 1647 302 1670 sub
324 1653 356 1671 eo
376 1654 431 1678 quo
451 1646 531 1671 nobis
553 1649 581 1675 et
602 1655 683 1671 sacro
704 1646 830 1670 Romano
852 1646 971 1678 imperio

50 1691 119 1716 estis
144 1690 259 1715 vinculo
288 1690 400 1715 obnoxii
430 1690 558 1716 districte
585 1690 767 1724 precipiendo
797 1690 973 1722 mandamus,

50 1737 189 1768 quatenus
215 1742 299 1759 nemo
328 1742 359 1760 ex
386 1735 465 1760 vobis
494 1734 668 1759 coniunctim
694 1733 739 1759 vel
768 1734 882 1759 diuisim
900 1734 971 1758 vllas

51 1786 143 1812 neque
167 1779 311 1808 Romanas
336 1778 526 1803 diffidationes
557 1787 680 1813 gwerras
705 1786 798 1810 neque
823 1777 896 1803 bella
922 1785 972 1810 per

51 1821 276 1856 suprascriptum
307 1821 530 1855 quinquennium
557 1823 721 1856 conpletum
749 1824 878 1847 exerceat
905 1822 973 1846 inci-

53 1868 114 1901 piat
131 1870 178 1892 aut
195 1868 360 1898 attemptet,
376 1874 473 1891 verum
493 1867 651 1899 quicunque
673 1866 724 1891 sibi
746 1866 883 1891 aduersus
901 1866 972 1890 alte-

53 1918 117 1936 rum
136 1911 276 1936 actionem
295 1911 354 1935 siue
371 1911 514 1942 querelam
534 1918 730 1942 quamcunque
747 1914 906 1942 competere
924 1913 972 1934 aut

53 1955 268 1987 competituram
291 1954 449 1986 putauerit,
480 1954 527 1979 ille
554 1954 638 1979 debet
664 1955 832 1979 iudicialiter
853 1954 887 1979 de
912 1954 972 1987 ipsa

54 1997 171 2031 experiri
196 1999 222 2022 in
240 1998 343 2029 judicio
365 2001 392 2023 et
412 1999 480 2023 locis
505 1999 733 2031 competentibus
758 1999 790 2024 ad
806 2006 858 2031 que
875 1999 972 2022 huius-

55 2042 128 2067 modi
145 2050 228 2067 cause
249 2043 393 2074 pertinent
409 2043 467 2067 sine
488 2043 562 2068 dolo.
584 2042 715 2067 Ceterum
737 2044 759 2067 si
781 2043 880 2075 aliquis
897 2043 970 2067 vltra

55 2089 83 2111 et
98 2089 194 2111 contra
219 2086 270 2110 hec
295 2087 400 2118 absque
424 2094 506 2111 cause
529 2087 692 2121 cognitione
715 2088 835 2119 aliquem
857 2089 904 2111 aut
924 2086 971 2111 ali-

56 2215 107 2241 hec
129 2217 279 2249 imperialis
305 2218 395 2242 nostri
415 2219 497 2242 banni
518 2222 546 2243 et
569 2218 689 2244 rebanni
715 2227 801 2252 penas
821 2219 880 2250 ipso
897 2219 970 2243 sacto

1007 371 1098 396 nostri
1117 371 1187 395 locis
1209 373 1347 395 arrestare
1366 377 1504 402 occupare
1526 371 1630 394 etcum
1648 370 1686 394 eis
1707 378 1791 403 agere
1814 372 1845 394 ut
1860 377 1923 394 cum

1008 416 1085 449 pacis
1110 417 1138 440 et
1162 414 1247 439 huius
1277 414 1401 439 mandati
1432 414 1688 446 transgressoribus
1712 414 1852 446 congruit.
1881 413 1924 437 llli

1006 467 1075 485 vero
1100 460 1147 492 qui
1171 460 1294 483 scienter
1313 458 1523 490 receptauerint
1541 457 1768 482 alimentauerint
1786 458 1927 482 mouerint

1008 506 1057 529 aut
1075 503 1115 528 eis
1133 503 1322 528 assistentiam
1337 502 1473 533 fecerint,
1489 500 1535 534 qui
1550 501 1711 526 huiusmodi
1726 509 1823 534 pacem
1837 502 1925 526 scien-

1008 550 1054 572 ter
1069 548 1175 572 suerint
1192 546 1367 580 transgressi
1391 547 1474 571 etiam
1496 546 1591 578 puniri
1607 545 1710 570 debent
1725 548 1756 569 ut
1772 545 1856 570 huius
1877 552 1925 577 pa-

1008 593 1047 616 cis
1064 593 1301 625 transgressores,
1318 599 1400 622 quam
1415 590 1591 623 punitionem
1609 593 1637 615 et
1653 589 1928 614 animaduersionem

1008 637 1037 661 in
1058 643 1230 668 unoquoque
1252 635 1357 666 judicio
1376 635 1422 659 ubi
1444 637 1510 667 post
1529 635 1607 667 pacis
1628 636 1855 667 transgressores
1880 640 1925 657 re-

1009 683 1170 713 ceptatores
1200 680 1325 703 fautores
1358 680 1385 703 et
1415 686 1512 703 eorum
1539 676 1705 703 assistentes
1728 676 1928 710 comprehensi

1008 725 1115 749 fuerint
1137 722 1256 755 quilibet
1280 722 1313 747 de
1337 722 1442 755 populo
1466 724 1636 755 attemptare
1661 724 1688 746 et
1712 722 1805 746 facere
1828 719 1926 754 possit.

1008 768 1045 793 Et
1064 767 1129 801 quia
1152 769 1182 792 in
1201 768 1343 792 canonicis
1362 770 1390 791 et
1405 767 1534 791 ciuilibus
1550 767 1660 797 juribus
1678 769 1705 791 et
1718 765 1813 791 Karoli
1837 764 1927 797 quarti

1008 812 1189 844 imperatoris
1213 811 1422 844 predecessoris
1442 811 1532 835 nostri
1558 818 1644 835 aurea
1657 811 1735 835 bulla
1759 812 1786 834 et
1804 810 1886 834 etiam
1900 809 1928 832 in

1008 859 1164 881 memorata
1191 858 1290 880 nostra
1317 856 1408 889 regali
1436 855 1640 880 reformatione
1665 855 1821 879 communis
1851 853 1927 886 pacis

1010 901 1173 925 observatio
1199 900 1281 925 etiam
1307 900 1357 924 sub
1375 900 1437 924 altis
1455 902 1483 924 et
1507 899 1641 932 gravibus
1662 900 1741 931 penis
1761 898 1929 930 precipitur,

1010 947 1038 969 et
1058 948 1154 970 tamen
1172 945 1199 968 in
1218 944 1420 976 suprascriptis
1438 951 1523 968 aurea
1542 943 1617 967 bulla
1636 945 1663 967 et
1682 945 1779 967 nostra
1795 941 1929 966 reforma>

1009 991 1086 1014 tione
1106 988 1188 1013 aliter
1201 996 1283 1020 quam
1301 989 1345 1012 hic
1364 989 1532 1021 premissum
1555 990 1598 1012 est
1613 987 1762 1012 inducitur.
1780 985 1880 1017 Itaque
1898 986 1930 1009 ut

1010 1040 1120 1057 errores
1140 1032 1282 1056 evitentur
1304 1034 1331 1056 et
1346 1033 1488 1066 generalis
1510 1039 1563 1063 pax
1577 1030 1743 1056 laudabilius
1761 1032 1788 1054 et
1804 1030 1926 1054 fructuo—

1013 1078 1069 1101 sius
1094 1076 1289 1101 executionem
1311 1076 1427 1107 habeat,
1447 1084 1479 1101 ex
1498 1078 1574 1100 certa
1592 1075 1709 1100 scientia
1730 1076 1758 1099 et
1776 1072 1929 1105 imperialis

1012 1121 1162 1154 potestatis
1189 1123 1287 1144 nostre
1319 1121 1497 1153 plenitudine
1528 1121 1658 1144 volumus
1687 1120 1715 1142 et
1747 1118 1930 1149 declaramus,

1012 1165 1086 1197 quod
1106 1164 1200 1189 omnia
1217 1167 1244 1188 et
1260 1164 1373 1197 singula
1390 1167 1494 1197 puncta
1517 1167 1544 1188 et
1561 1164 1672 1188 articuli
1696 1161 1932 1194 quemadmodum

1012 1209 1041 1234 in
1058 1210 1118 1242 ipsa
1135 1216 1220 1233 aurea
1235 1208 1312 1232 bulla
1331 1210 1358 1232 et
1378 1207 1581 1232 reformatione
1599 1208 1632 1232 de
1654 1207 1739 1232 verbo
1762 1206 1794 1231 ad
1814 1206 1929 1230 verbum

1012 1253 1045 1278 de
1068 1261 1137 1285 pace
1156 1251 1249 1285 posita
1270 1254 1337 1277 sunt
1354 1260 1446 1284 neque
1469 1251 1577 1276 irritata
1592 1259 1683 1283 neque
1704 1251 1851 1275 annullata
1870 1257 1931 1274 esse

1011 1305 1062 1330 per
1089 1298 1162 1322 hanc
1191 1298 1320 1321 nostram
1353 1304 1452 1328 pacem
1476 1298 1646 1320 censeantur
1668 1295 1725 1319 ullo
1754 1294 1852 1324 modo,
1876 1300 1930 1317 vno

1013 1342 1158 1366 dumtaxat
1175 1341 1203 1365 in
1219 1348 1305 1365 aurea
1320 1341 1397 1365 bulla
1419 1341 1452 1365 de
1471 1339 1645 1364 diffidatione
1660 1341 1688 1362 et
1703 1338 1794 1371 primo
1810 1336 1931 1362 articulo

1013 1385 1226 1410 reformationis
1242 1387 1339 1409 nostre
1358 1384 1466 1409 scilicet
1486 1384 1519 1408 ‹le
1535 1382 1729 1408 invasionibus
1756 1385 1784 1406 et
1806 1381 1932 1413 dampni·

1014 1428 1195 1454 ficationibus
1222 1431 1357 1461 excepto,
1385 1429 1430 1460 qui
1458 1428 1512 1452 duo
1536 1427 1646 1452 articuli
1667 1435 1717 1458 per
1738 1426 1930 1458 supradictum

1016 1472 1239 1505 quinquennium
1260 1471 1406 1504 quiescere
1422 1474 1450 1496 et
1466 1480 1525 1496 non
1544 1471 1667 1495 exerceri
1683 1471 1785 1495 debent
1802 1470 1841 1494 vti
1859 1469 1930 1493 dissi·

1013 1517 1157 1542 dationum
1182 1516 1319 1540 bellorum
1345 1519 1373 1541 et
1396 1515 1596 1541 discordiarum
1621 1515 1711 1540 omnis
1739 1515 1817 1539 color
1841 1516 1870 1538 et
1889 1513 1931 1537 fo-

1015 1563 1143 1586 mentum
1162 1561 1267 1584 vitetur
1292 1561 1320 1584 et
1341 1567 1394 1591 pax
1416 1559 1610 1593 suprascripta
1623 1560 1737 1583 omnino
1754 1559 1930 1583 observetur.

1011 1604 1082 1629 Post
1099 1604 1184 1629 finem
1202 1605 1297 1628 autem
1313 1603 1396 1628 huius
1419 1603 1603 1636 quinquennii
1620 1603 1804 1635 suprascripti
1821 1603 1875 1628 duo
1890 1610 1933 1627 ar-

1012 1649 1090 1675 ticuli
1102 1652 1133 1673 ut
1142 1649 1173 1672 de
1184 1655 1250 1680 pace
1258 1648 1343 1680 positi
1354 1650 1420 1672 sunt
1434 1647 1566 1679 deinceps
1579 1647 1666 1676 inlsuo
1682 1647 1784 1671 robore
1796 1650 1824 1671 et
1835 1647 1933 1680 vigore

1013 1693 1299 1724 dehentpermanere,
1309 1691 1344 1716 Et
1354 1695 1384 1716 ut
1395 1692 1490 1716 nullus
1501 1700 1529 1716 se
1540 1690 1789 1723 perignoranciam
1799 1697 1932 1715 excusare

1013 1737 1119 1770 possit,
1137 1736 1275 1770 imperiali
1294 1736 1461 1760 auctoritate
1483 1735 1653 1767 precipimus
1674 1737 1701 1758 et
1721 1735 1886 1759 mandamus
1901 1737 1934 1758 ut

1014 1781 1066 1806 hec
1084 1783 1182 1808 nostra
1205 1780 1349 1813 generalis
1369 1788 1421 1812 pax
1443 1779 1470 1804 in
1492 1780 1619 1811 qualibet
1639 1778 1797 1803 kathedrali
1815 1778 1932 1803 ecclesia

1015 1825 1181 1851 Germanice
1200 1825 1323 1851 nationis
1346 1825 1513 1856 quantocius
1536 1823 1673 1848 insinuari
1699 1825 1727 1847 et
1749 1822 1886 1855 publicari
1906 1824 1934 1846 et

1015 1869 1171 1902 quemlibet
1185 1868 1334 1893 hominem
1356 1868 1430 1893 illius
1456 1867 1576 1892 diiicesis
1598 1869 1664 1900 post
1686 1865 1848 1891 huiusmodi
1868 1866 1935 1890 insi-

1013 1914 1177 1938 nuationem
1208 1914 1236 1936 et
1269 1910 1483 1944 quatuordecim
1512 1910 1673 1935 immediate
1699 1912 1851 1943 sequentes
1875 1910 1933 1934 dies

1013 1959 1103 1992 ligare
1125 1960 1152 1982 et
1175 1957 1293 1989 quilibet
1326 1957 1377 1981 sub
1401 1955 1548 1989 premissis
1578 1955 1658 1987 penis
1685 1955 1719 1980 ad
1741 1954 1813 1979 hanc
1835 1961 1932 1986 pacem

1013 2003 1164 2028 tenendam
1187 2001 1319 2027 astrictus
1340 2008 1401 2026 esse
1419 2000 1526 2024 debeat.
1542 1999 1632 2024 Nemo
1649 2002 1743 2024 tamen
1758 1999 1831 2023 hanc
1846 2005 1932 2031 gene-

989 2049 992 2074 }
1012 2048 1097 2071 ralem
1121 2054 1218 2079 pacem
1244 2048 1272 2070 et
1298 2045 1357 2069 eius
1380 2052 1466 2077 penas
1480 2044 1686 2076 suprascriptas
1713 2052 1764 2075 pro
1783 2045 1881 2067 nostro
1904 2044 1931 2066 et

990 2101 992 2123 ς
1013 2091 1122 2123 imperii
1138 2090 1261 2114 fidelium
1279 2087 1397 2113 consilio
1420 2088 1557 2114 alterandi
1578 2088 1701 2121 augendi
1718 2090 1745 2112 et
1766 2085 1932 2112 meliorandi

55 2137 124 2162 quos
152 2131 288 2154 inuaserit
318 2130 564 2163 dampnifirauerit
594 2134 642 2155 aut
666 2131 893 2164 impugnauerit,
923 2125 992 2155 ille'

56 2176 103 2213 aut
118 2172 159 2197 illi
178 2174 223 2206 qui
247 2174 300 2198 hoc
322 2175 441 2198 fecerint
457 2174 581 2199 criminis
605 2175 662 2201 lese
678 2176 833 2200 maiestatis
852 2178 880 2199 et
896 2175 971 2199 ultra
990 2170 992 2179 ¹

1013 2141 1189 2159 reservamus
1208 2136 1395 2165 potestatem,
1414 2133 1514 2157 harum
1533 2132 1693 2156 testimonio
1715 2130 1862 2155 literarum
1882 2128 1932 2153 sub

1011 2179 1112 2203 nostrii
1137 2178 1290 2210 imperialis
1315 2177 1488 2209 appensione
1512 2177 1596 2210 sigilli
1621 2174 1803 2200 munitarum.
1830 2173 1933 2197 Datum

1014 2224 1043 2248 in
1063 2223 1262 2249 Noxaciuitate
1287 2220 1421 2245 vicesima
1447 2221 1572 2246 secunda
1585 2220 1690 2245 mensis
1711 2218 1835 2252 Augusti
1860 2224 1932 2242 anno

56 2259 136 2285 debet
165 2263 192 2285 et
219 2261 322 2286 debent
349 2262 478 2286 incidisse
503 2266 530 2287 et
557 2263 672 2294 quilibet
694 2260 782 2295 possit
807 2262 898 2295 ipsum
924 2265 992 2297 auti
1018 2267 1124 2292 d0mini
1142 2266 1207 2292 1467
1224 2267 1257 2292 R,
1273 2266 1314 2291 28,
1329 2264 1360 2290 Κ,
1374 2266 1415 2291 16,
1433 2265 1469 2292 Η,
1483 2267 1507 2291 9.

58 2303 132 2336 ipsos
157 2305 237 2329 simul
255 2314 316 2330 cum
335 2306 416 2331 bunis
438 2307 496 2331 suis
520 2309 547 2332 et
563 2306 647 2331 rebus
667 2306 694 2332 in
710 2306 839 2332 omnibus
862 2306 970 2339 imperii
990 2301 991 2317 ³
