2209 2858
218 210 435 246 CLXXVIII

571 197 783 254 Anhang.
814 193 1067 238 Friedrich
1097 192 1185 237 IV.
1217 190 1345 250 (111.)
1377 203 1495 244 1467,
1523 200 1658 248 August
1678 203 1739 237 22.

217 349 292 382 ,Nos
321 348 482 375 Otacharus
518 347 560 373 dei
593 346 686 381 gratia
721 354 772 371 rex
798 345 913 370 Boemie
940 344 995 369 dux
1020 343 1135 368 Austrie

218 394 319 419 »Stirie
352 392 498 417 Karinthie
533 391 659 416 marchio
686 389 813 415 Moravie
850 389 978 414 dominus
1005 387 1135 412 Caruiole

215 437 359 462 „Maronia
380 436 455 470 Egre
476 439 504 461 et
522 435 625 460 Portus
641 434 748 459 Naonis
769 435 910 459 vniuersis
932 433 1005 456 hanc
1025 432 1136 455 literam

215 481 401 514 „inspecturis
428 481 645 514 imperpetuum.
678 478 749 503 Cum
777 485 809 502 ea
834 485 888 510 que
914 476 947 501 ab
973 475 1135 500 hominibus

215 529 314 560 »gesta
340 529 407 550 sunt
432 525 465 550 ab
495 524 643 549 hominum
671 522 749 548 labili
780 521 914 546 memoria
941 519 1053 544 facilius
1079 520 1135 544 labi

215 571 343 604 „possint
364 570 416 595 nisi
438 569 541 601 scripto
562 568 668 592 fuerint
688 566 897 597 commendata,
927 565 1000 589 solet
1019 572 1051 589 ea
1070 572 1134 596 pru-

1177 351 1267 374 „rawe
1277 342 1435 367 Fridericus
1445 341 1602 366 Hertnidus
1618 340 1720 366 fratres
1736 341 1770 366 de
1779 340 1993 368 Liecbtenstain
2001 342 2096 368 Chun-

1177 387 1278 415 „radus
1298 386 1471 411 Yernt'ridus
1490 386 1593 411 fratres
1610 385 1644 411 de
1659 385 1831 420 Puechperg
1845 389 1874 411 et
1886 387 1932 412 alii
1949 387 2096 420 quamplu-

1178 439 1248 457 »νει
1275 429 1318 455 Ne
1344 433 1439 455 autem
1468 437 1552 462 super
1578 429 1713 462 predictis
1732 430 1823 462 possit
1841 431 2028 464 imposterum
2049 439 2095 456 ca-

1177 475 1322 507 »lumpnia
1336 474 1457 500 suboriri
1473 477 1636 507 presentem
1657 474 1767 499 literam
1786 475 1915 500 duximus
1937 475 2096 509 sigillorum

1177 522 1358 545 »nostrorum
1374 519 1530 543 munimine
1544 519 1761 544 roborandam?

1247 563 1305 588 Nos
1329 563 1423 595 itaque
1442 563 1574 595 precibus
1602 562 1706 595 prefati
1731 561 1826 588 Georii
1848 563 1882 588 de
1904 562 2098 588 Ekcherczaw

215 616 328 640 »dentia
349 614 531 647 prouidorum
548 613 705 637 litterarum
721 610 825 635 robore
842 610 974 634 stabilire.
995 608 1134 633 Omnibus
1154 635 1157 651 Ι
1176 611 1278 641 utputa
1310 608 1528 632 rationabilibus
1557 607 1684 632 inclinati
1710 607 1890 633 attendentes
1914 607 1997 633 etiam
2023 607 2097 639 quod

216 668 302 693 »ergo
329 662 385 683 tam
405 657 586 691 presentibus
607 664 689 688 quam
715 655 819 679 futuris
840 655 1000 679 innotescat
1019 661 1132 686 presen·
1154 653 1157 680 1
1177 654 1250 678 iusta
1272 652 1437 684 petentibus
1465 660 1523 676 non
1546 652 1581 676 sit
1601 651 1785 685 denegandus
1808 660 1940 677 assensus
1966 659 2025 676 non
2048 659 2099 684 per

216 705 302 728 »tium
327 711 378 735 per
403 705 533 727 tenorem
564 700 635 733 quod
658 699 831 732 promotioni
859 697 964 730 pariter
984 702 1010 722 et
1031 698 1134 722 honori

215 748 283 773 miri
304 747 405 771 nobilis
428 745 543 770 OttonIs
564 746 594 769 de
615 742 847 768 Perclitoldstorf
872 742 1065 766 ministerialis
1084 749 1135 766 no-

215 793 284 817 »stri
306 794 340 821 ret
359 790 505 816 camerarii
526 788 640 813 Austrie
662 786 815 813 studiosius
836 786 1014 811 intendentes
1035 789 1067 811 ut
1086 793 1134 820 ag-

215 838 331 862 »noscat
350 838 480 860 nostrum
507 841 575 866 erga
595 841 624 857 se
643 839 824 864 nequaquam
845 830 980 855 affectum
1000 831 1132 863 langues—

215 888 296 912 „cere
322 880 370 904 sed
395 879 492 911 augeri
518 877 618 910 pocius
638 883 688 909 per
709 876 844 900 effectum
865 874 987 908 gratiam
1007 878 1035 899 et
1056 874 1134 899 fauo-

214 932 290 950 »rem
317 922 449 955 quidquid
478 930 492 947 a
517 921 597 946 nobis
618 921 647 945 in
666 920 750 945 feudo
771 918 930 944 dinoscitur
949 919 1081 943 habuisse
1100 918 1134 943 ti-

215 969 290 994 »tulo
316 967 479 992 donacionis
506 966 596 991 libere
627 968 655 990 et
683 964 813 989 absolute
843 963 894 987 sibi
922 963 1050 987 dedimus
1077 971 1135 987 non

214 1012 334 1043 „feodali
355 1011 403 1036 sed
424 1009 605 1043 proprietatis
623 1009 688 1040 jure
704 1010 842 1040 perpetuo
856 1006 1069 1039 possidendum,
1088 1014 1135 1031 ex-

214 1056 321 1089 »ceptis
341 1056 393 1080 illis
415 1055 561 1079 dumtaxat
584 1053 674 1078 feodis
697 1052 797 1084 quibus
816 1051 927 1075 ratione
945 1051 1030 1075 solius
1048 1049 1134 1075 officii

216 1100 442 1128 „Camerariatus
463 1099 492 1123 iu
512 1097 626 1122 Austria
651 1097 743 1129 ipsum
769 1095 916 1120 investiuit
936 1098 964 1119 et
984 1098 1082 1119 nostra
1108 1097 1136 1119 et

215 1145 464 1178 „predecessorum
505 1145 668 1166 nostrorum
710 1139 925 1173 magnificencia
963 1139 1135 1171 principalis.

215 1189 332 1214 „Actum
357 1191 423 1219 aput
440 1185 598 1218 Prespurch
624 1193 697 1209 anno
723 1185 826 1208 domini
846 1192 915 1208 mcc.
936 1183 999 1213 lxxj.
1020 1183 1064 1214 xvj
1086 1183 1136 1207 ka—

216 1232 328 1263 „lendas
353 1231 417 1262 maji
441 1234 469 1255 et
487 1231 582 1255 datum
606 1229 708 1254 ibidem
725 1235 798 1252 anno
823 1231 851 1253 et
872 1228 915 1252 die
933 1227 1065 1260 predictis
1086 1235 1137 1259 per

215 1285 345 1308 „manum
369 1275 497 1309 magistri
520 1274 598 1299 Petri
623 1272 791 1297 venerabilis
815 1272 954 1305 prepositi
978 1272 1136 1305 Wissegra-

215 1322 336 1346 »diensis
357 1319 525 1344 Cancellarii
546 1319 628 1351 regni
644 1317 732 1341 nostri
753 1316 908 1341 indictione
925 1316 1075 1341 tredecima
1091 1324 1136 1341 co-

216 1365 390 1391 »ronationis
404 1366 502 1388 nostre
519 1370 592 1387 anno
610 1362 732 1392 decimo⁷
751 1361 933 1394 presentibus
948 1360 1002 1391 hijs
1017 1361 1136 1385 testibus

216 1410 393 1435 »subnotatis
420 1407 488 1432 Otto
517 1407 550 1431 de
577 1405 706 1430 Haslawe
732 1405 883 1429 hainricus
911 1406 944 1429 de
970 1405 1137 1429 Haimvelde

217 1454 344 1478 »ericns
370 1451 556 1483 Marquardus
587 1450 755 1475 Chunradus
788 1450 891 1474 fratres
923 1450 955 1474 de
990 1449 1139 1473 l'ilclidorf

219 1498 419 1523 »Hermannns
437 1495 630 1519 Wernhardus
648 1495 751 1519 fratres
767 1494 800 1518 de
813 1493 1014 1518 Wolfkerstorf
1029 1493 1138 1517 Erkeu-

218 1549 322 1574 „gerus
346 1541 379 1565 de
402 1539 561 1564 Landesere
577 1538 781 1563 Gundacharus
804 1538 836 1562 de
857 1537 1027 1570 Haberpach
1043 1537 1138 1562 Fride—

216 1586 309 1611 »ricus
333 1584 451 1616 Dapit'er
480 1583 512 1607 de
536 1582 745 1615 Lengenpach,
774 1581 918 1607 Stess'anus
944 1582 1078 1614 pincerna
1104 1582 1137 1606 de

218 1630 380 1659 „Meissawe
398 1627 584 1660 Marquardus
606 1627 779 1651 Reinbertus
803 1629 830 1650 et
851 1625 1013 1651 Cliulochus
1035 1625 1137 1650 fratres

218 1675 267 1699 »de
282 1672 455 1705 Himpemh,
476 1673 585 1704 Rapoto
598 1671 638 1702 *de
654 1671 871 1696 Valchenbercli
890 1670 1015 1695 Ditricus
1031 1670 1064 1695 de
1082 1671 1139 1695 Ro-

1176 705 1301 722 errorem
1314 699 1341 721 et
1351 696 1509 729 improuide
1523 696 1572 720 sed
1583 696 1675 720 auimo
1684 695 1841 722 deliberato
1855 704 1922 721 sano
1937 695 2098 729 principum

1176 750 1326 774 procerum
1344 739 1480 765 nobilium
1494 742 1522 765 et
1538 740 1663 765 fidelium
1679 744 1846 765 nostrorum
1862 740 2012 765 accedente
2030 747 2098 764 con-

1177 786 1237 811 silio
1255 786 1426 810 auctoritate
1446 785 1584 817 imperiali
1601 787 1629 809 et
1642 787 1674 809 ut
1687 785 1821 818 princeps
1836 785 1950 810 Austrie
1967 784 2001 809 de
2021 787 2098 808 certa

1176 833 1275 855 nostra
1297 829 1415 855 scientia
1441 828 1633 861 suprascripta
1657 829 1809 862 priuilegia
1826 828 1942 854 Rudolfi
1960 828 2100 860 quondam

1177 876 1368 899 Romanorum
1390 872 1468 907 regis
1484 872 1693 905 predecessoris
1709 874 1801 897 nostri
1820 876 1849 898 et
1865 873 2013 898 memorati
2031 871 2098 898 Otr.-

1176 919 1235 943 kari
1255 917 1391 943 Bohemie
1412 917 1489 951 regis
1513 919 1568 942 etc.
1588 920 1674 949 prout
1697 917 1731 942 de
1755 917 1843 942 verbo
1864 918 1898 942 ad
1916 918 2034 943 verbum
2053 925 2098 942 su-

1176 963 1272 995 perius
1297 965 1364 987 sunt
1384 962 1524 993 descripta
1546 961 1781 994 quemadmodum
1803 963 1857 987 rite
1879 965 1907 987 et
1927 962 2099 988 rationabili-

1178 1010 1219 1032 ter
1241 1009 1444 1039 processerunt
1466 1006 1637 1030 innouamus
1658 1006 1847 1038 approbamus
1871 1005 2046 1032 ratificamus
2070 1009 2099 1032 et

1176 1051 1353 1084 presentium
1375 1054 1473 1075 tenore
1489 1049 1705 1081 confirmamus,
1724 1049 1907 1075 decernentes
1925 1051 2099 1084 suprascrip-

1177 1098 1205 1120 ta
1232 1095 1381 1128 privilegia
1406 1093 1436 1118 in
1462 1094 1592 1118 omnibus
1618 1094 1675 1118 suis
1695 1094 1808 1126 punctis
1829 1095 1965 1119 clausulis
1985 1099 2014 1120 et
2033 1103 2098 1120 sen-

1178 1139 1279 1164 tenciis
1308 1141 1475 1172 perpetuam
1503 1137 1612 1162 roboris
1633 1137 1814 1163 inviolabiter
1834 1131 1963 1164 obtinere
1984 1138 2102 1165 firmita-

1177 1187 1242 1209 tem.
1271 1182 1349 1207 Nulli
1379 1190 1448 1216 ergo
1475 1182 1590 1207 omnino
1621 1182 1770 1207 hominum
1797 1183 1883 1208 liceat
1909 1183 1980 1208 hanc
2000 1187 2099 1209 nostre

1176 1227 1367 1252 innovationis
1384 1225 1596 1260 approbationis
1612 1226 1811 1251 ratificationis
1828 1227 2051 1253 confirmationis
2072 1231 2101 1253 et

1177 1272 1284 1297 decreti
1305 1271 1437 1305 paginam
1455 1270 1612 1304 infringere
1632 1273 1680 1295 aut
1701 1271 1725 1295 ei
1746 1271 1845 1302 quovis
1860 1279 1931 1296 ausu
1947 1272 2099 1297 temerario

1178 1317 1337 1347 contraire⁷
1367 1317 1389 1340 si
1418 1315 1480 1347 quis
1507 1318 1604 1339 autem
1631 1314 1684 1338 hoc
1705 1317 1874 1346 attemptare
1892 1316 2101 1348 presumpserit

1178 1361 1265 1385 nostri
1286 1363 1314 1385 et
1333 1360 1443 1392 imperii
1465 1359 1537 1383 sacri
1558 1366 1675 1393 grauem
1696 1359 1918 1392 indignationem
1939 1367 1968 1384 se
1988 1360 2102 1385 nouerit

1178 1406 1373 1430 incursurum.
1394 1404 1570 1436 presentium
1592 1403 1643 1427 sub
1663 1406 1761 1427 nostre
1778 1404 1933 1429 maiestatis
1954 1404 2048 1437 sigillo
2068 1392 2100 1428 ac

1179 1448 1340 1474 testimonio
1361 1448 1516 1473 literarum.
1538 1446 1643 1471 Datum
1662 1448 1691 1471 in
1708 1446 1904 1473 Nouaoivitate
1923 1449 1958 1474 24
1978 1451 2098 1481 septem-

1179 1494 1237 1517 bris
1257 1500 1332 1517 annu
1353 1492 1407 1518 lxv.
1427 1492 1462 1516 R.
1483 1491 1516 1517 R.
1535 1492 1579 1516 26.
1600 1490 1710 1523 imperii
1732 1492 1773 1517 14.
1795 1491 1892 1526 Hung.
1912 1493 1960 1524 vij.

1630 1535 1670 1561 Ad
1693 1536 1856 1561 mandatum
1877 1536 1900 1562 d.
1922 1536 2100 1568 imperatoris

1633 1579 1778 1605 Vdalricus
1790 1580 1940 1612 episcopus
1952 1579 2103 1606 Patavien-

1737 1625 1773 1654 sis
1795 1625 1997 1652 cancellarius.

217 1815 289 1841 133.
314 1814 406 1842 Edicc
430 1813 464 1839 in
487 1810 617 1846 Betreff'
636 1811 724 1839 eines
751 1810 981 1845 fzinfjdhriyen
1006 1809 1249 1844 Landf'riedens
1279 1811 1321 1837 im
1344 1810 1478 1849 Reiche,
1511 1818 1587 1839 zum
1614 1808 1743 1844 Belmf'e
1768 1810 1823 1836 des
1845 1809 1983 1845 Krieqes
2003 1817 2103 1847 yeyen

322 1867 371 1894 dic
397 1866 533 1893 Tz‘t'rleen.
557 1865 666 1903 1467,
690 1864 817 1900 Auqusc
840 1865 894 1893 22.
919 1865 1014 1899 Reyy.
1039 1866 1096 1891 No.
1120 1864 1221 1892 5146.

289 1928 451 1953 Fridericus
472 1927 567 1951 diuina
591 1928 642 1953 etc.
671 1926 818 1951 Vniuersis
845 1928 873 1950 et
893 1925 1013 1959 singulis
1033 1925 1139 1950 nostris

219 1976 247 1999 et
267 1973 377 2006 imperii
398 1971 568 1996 electoribus
588 1971 765 2004 principibus
788 1970 990 1995 ecclesiasticis
1012 1972 1039 1994 et
1060 1977 1138 1994 secu-

218 2017 324 2042 laribus
344 2015 461 2049 prelatis
483 2015 631 2039 comitibus
659 2015 814 2040 baronibus
835 2014 1069 2038 ministerialibus
1090 2014 1139 2038 mi-

219 2062 316 2086 litibus
343 2063 371 2085 et
395 2060 456 2084 aliis
484 2059 697 2091 quibuscunque
724 2059 850 2083 cuiusuis
877 2061 967 2082 status
994 2057 1139 2091 dignitatis

221 2105 391 2130 conditionis
420 2104 527 2128 fuerint
554 2103 673 2137 gratiam
700 2110 841 2127 cesaream
869 2105 897 2126 et
922 2109 1006 2126 omne
1026 2102 1139 2127 bonum.

220 2150 261 2174 Ad
289 2150 401 2174 culmen
434 2148 538 2182 regalis
574 2150 601 2172 et
633 2147 784 2180 imperialis
812 2145 960 2179 dignitatis
989 2153 1021 2170 ex
1047 2146 1141 2170 diuine

220 2194 396 2226 prouidentic
425 2192 610 2224 dispositione
636 2191 777 2216 sublimati
799 2199 912 2221 sumus,
934 2193 965 2215 ut
985 2198 1063 2215 sacro
1085 2191 1138 2214 Ro-

221 2246 304 2262 mano
330 2237 447 2269 imperio
475 2244 590 2268 preesse
617 2238 645 2260 et
670 2234 700 2260 in
729 2243 762 2260 eo
782 2237 858 2260 statu
878 2235 988 2259 nutrire
1009 2234 1140 2263 virtutes,

221 2282 295 2305 bona
322 2289 405 2312 opera
431 2281 558 2312 plantare
586 2280 776 2311 iniustamque
808 2279 865 2303 vim
899 2282 927 2304 ct
953 2279 1140 2303 temeritatem

222 2325 336 2349 minime
356 2325 489 2349 tollerare
511 2325 663 2349 debeamus
683 2324 716 2348 ad
735 2332 787 2357 que
806 2332 857 2356 pro
872 2324 1075 2356 omnipotentis
1096 2322 1140 2347 dei

222 2368 305 2394 laude
327 2364 457 2392 cristiano
478 2368 542 2392 fidei
564 2368 653 2393 tutela
679 2371 707 2392 et
733 2370 828 2392 sancte
849 2367 947 2392 matris
968 2371 1065 2392 nostre
1086 2368 1142 2392 Ro-

221 2420 302 2437 mane
332 2411 450 2436 ecclesie
478 2412 601 2436 tuicione
622 2420 653 2436 ac
674 2411 757 2436 etiam
779 2412 939 2436 communis
959 2412 1025 2435 boni
1046 2415 1073 2436 et
1093 2419 1141 2445 ge-

220 2456 324 2482 neralis
345 2456 419 2488 pacis
440 2457 616 2488 promotione
636 2456 769 2489 flagranti
799 2456 936 2480 desiderio
957 2464 1076 2488 prorsus
1099 2464 1143 2480 su-

222 2509 283 2525 mus
307 2501 442 2525 inclinati.
476 2500 658 2532 Quamquam
686 2503 781 2525 autem
808 2508 871 2525 cum
894 2500 984 2524 adbuc
1005 2499 1033 2524 in
1052 2500 1142 2533 regali

225 2552 352 2569 essemus
373 2544 511 2577 dignitate
532 2544 649 2568 consilio
669 2547 831 2569 nostrorum
852 2547 880 2569 et
896 2544 1015 2568 Romani
1033 2544 1142 2576 imperii

222 2589 377 2613 electorum
398 2588 555 2620 principum
576 2588 832 2613 ecclesiasticorum
849 2591 877 2612 et
893 2588 1063 2612 secularium
1080 2595 1142 2620 pre-

221 2633 342 2657 latorum
370 2632 503 2656 comitum
529 2632 673 2656 baronum
704 2635 731 2656 et
757 2632 876 2656 aliorum
905 2632 1083 2657 subditorum
1111 2631 1142 2655 ad

226 2684 323 2708 pacem
343 2676 528 2700 roborandam
549 2675 688 2707 quandam
709 2677 937 2701 reformationem
955 2675 1143 2703 Frankfordie

1180 1926 1231 1950 sub
1253 1926 1361 1957 magnis
1383 1927 1411 1950 et
1430 1925 1566 1958 grauibus
1586 1925 1666 1958 penis
1691 1925 1837 1951 obseruari
1856 1925 2056 1951 mandanimus
2076 1927 2104 1951 et

1180 1971 1297 2002 postliec
1318 1971 1345 1994 in
1365 1970 1508 2002 plerisque
1529 1969 1611 1994 dietis
1632 1973 1660 1994 et
1679 1969 1869 1995 conuentibus
1889 1972 1949 1995 tum
1970 1970 2053 1995 etiam
2073 1970 2102 1995 in

1181 2015 1318 2047 imperiali
1338 2018 1436 2039 nostra
1458 2014 1537 2038 curia
1557 2016 1585 2038 et
1604 2014 1665 2038 aliis
1685 2015 1806 2039 Romani
1825 2015 1916 2039 nostri
1936 2013 2045 2046 imperii
2065 2014 2106 2039 lo-

1181 2058 1219 2084 cis
1250 2058 1433 2084 tractauimus
1465 2061 1493 2082 et
1513 2057 1641 2082 sedulam
1663 2057 1839 2092 diligentiam
1860 2058 2053 2091 adhibuimus,
2072 2061 2105 2083 ut

1181 2111 1196 2128 a
1216 2103 1358 2136 nephariis
1378 2102 1478 2127 Turcis
1499 2102 1637 2127 Cristiane
1658 2107 1757 2128 nostre
1777 2103 1840 2127 fidei
1861 2102 1991 2127 hostibus
2013 2103 2104 2128 vexati

1181 2150 1209 2173 et
1228 2145 1375 2179 inquietati
1396 2147 1538 2172 cristicole
1565 2146 1598 2172 ab
1619 2155 1716 2172 eorum
1742 2146 1891 2180 tyrannide
1913 2145 2105 2172 liberarentur

1182 2194 1210 2217 et
1235 2192 1293 2224 ipsa
1322 2194 1418 2215 nostra
1446 2191 1600 2217 christiana
1628 2192 1695 2217 fides
1729 2194 1827 2216 contra
1847 2198 1943 2215 eorum
1966 2191 2103 2223 impetum

1182 2236 1342 2260 muniretur
1358 2235 1577 2267 memoratisque
1589 2236 1692 2261 Turcis
1710 2235 1864 2259 christiana
1879 2238 1907 2259 et
1922 2235 2004 2260 laude
2019 2235 2105 2268 digna

1181 2280 1350 2305 obsistentia
1379 2279 1439 2303 fieri
1466 2281 1577 2315 possit.4
1597 2280 1790 2306 Nihilominus
1817 2281 1912 2304 tamen
1940 2279 1988 2303 illa
2008 2280 2104 2303 nostra

1178 2325 1255 2357 pacis
1281 2323 1445 2348 reformatio
1466 2328 1494 2349 et
1514 2324 1699 2358 expeditionis
1721 2327 1821 2348 contra
1842 2322 1952 2347 Turcos
1973 2323 2101 2348 studiosa

1183 2369 1317 2393 sedulitas
1344 2376 1401 2392 non
1427 2376 1492 2393 eum
1518 2369 1642 2394 fructum
1669 2370 1700 2393 ut
1728 2367 1903 2400 sperauimus
1930 2370 2105 2399 pepererunt

1183 2414 1210 2436 et
1237 2412 1367 2445 flagranti
1397 2412 1534 2437 desiderio
1564 2413 1688 2437 libenter
1715 2411 1891 2436 vidissemus.
1916 2410 2020 2435 Verum
2039 2412 2106 2444 post

1184 2457 1236 2480 hec
1257 2456 1334 2481 varia
1353 2456 1427 2482 bella
1447 2460 1475 2481 et
1497 2457 1701 2482 discordiarum
1721 2458 1815 2479 motus
1838 2457 2030 2485 emerserunt,
2055 2462 2105 2479 no-

1183 2503 1311 2531 sti-osque
1334 2502 1361 2524 et
1380 2500 1489 2533 imperii
1509 2500 1636 2525 subditos
1661 2499 1741 2534 graui
1762 2499 1864 2523 damno
1886 2498 2054 2532 affecerunt,
2074 2502 2105 2523 ut

1183 2539 1343 2575 respublica
1364 2545 1432 2569 adeo
1458 2544 1659 2569 miserabiliter
1678 2544 1738 2568 lesa
1758 2539 1795 2568 sit
1810 2546 1838 2567 et
1854 2543 1968 2568 turbata
1984 2545 2014 2567 ut
2027 2542 2105 2575 plus-

1185 2595 1267 2619 quam
1287 2595 1376 2621 graue
1398 2589 1435 2613 sit
1455 2589 1488 2613 ad
1509 2587 1758 2620 conquerendum,
1778 2587 1842 2619 plus
1863 2587 1966 2611 sublati
1987 2589 2015 2614 et
2034 2586 2101 2610 mul-

1185 2635 1228 2656 tas
1258 2632 1418 2663 prouincias
1445 2635 1473 2657 et
1503 2632 1672 2658 christianos
1693 2630 1744 2655 sibi
1764 2631 1939 2656 subiecerint
1964 2633 1992 2655 et
2009 2630 2104 2663 plures

1186 2676 1300 2701 cottidie
1326 2677 1480 2711 subiugare
1507 2679 1662 2706 conentur,
1690 2676 1728 2701 ita
1749 2678 1780 2700 ut
1799 2674 1954 2700 timendum
1977 2675 2106 2699 videatur
