2235 2859
460 138 672 194 Anhang.
704 136 866 196 Konig
894 137 1143 181 Friedrich
1174 138 1263 182 IV.
1297 150 1406 184 1452.
1435 151 1545 186 Miirz.

1857 153 1971 187 cxlx*

127 314 181 343 98.
225 313 460 351 Besclcrez‘buny
481 317 538 343 der
559 316 708 352 Anlmnf'c
730 317 798 344 und
818 315 977 352 Kro'nuny
999 316 1040 346 K.
1063 317 1253 346 Friedrichs
1276 325 1320 347 zu
1343 319 1441 354 Rom;
1471 327 1540 347 vom
1560 321 1759 357 papscliclzen
1782 323 1907 358 Sdnqer

228 369 399 398 Goswinus
421 370 618 399 Mandoctes.
640 371 740 400 1452.
762 371 870 399 Mdrz.

59 456 197 486 Goswini
221 456 405 486 Mandoctae
438 456 604 497 descriptio
626 458 772 487 introitus
796 458 871 498 Imp.
893 455 1045 487 Friderici
1068 457 1120 487 111.
1142 459 1174 487 in
1198 459 1306 488 urbem
1329 458 1457 488 Romam
1497 462 1528 488 et
1549 461 1733 491 subsecutae
1755 464 1970 494 coronationis.

300 520 355 553 (Ex
375 520 435 545 cod.
456 528 525 544 msc.
545 519 679 545 tabularii
700 527 772 547 caes.
793 528 862 545 secr.
881 520 961 553 prius
983 519 1011 544 in
1031 519 1106 545 Bibl.
1126 528 1198 546 caes.
1220 521 1275 546 aul.
1297 522 1348 546 sub
1369 522 1444 556 sign.
1465 522 1538 548 Hist.
1558 524 1632 556 prof.
1652 525 1726 557 608.)

128 588 212 614 Anno
231 589 335 615 domini
355 589 506 615 millesimo
521 589 804 624 quadringentesimo
828 589 980 623 (quinqua-

59 633 183 667 gesimo)
214 632 306 667 primo
333 634 489 659 secundum
508 634 605 658 stilum
631 642 689 659 cur.
710 634 762 659 Ro.
783 634 827 659 die
846 633 980 659 Mercurii

59 676 135 703 VIII.
151 676 251 702 Marcii
270 677 347 702 venit
364 678 557 702 Romanorum
578 686 626 702 rex
647 686 711 703 cum
731 685 834 711 magna
850 679 980 711 potentia

59 723 88 746 et:
110 721 209 746 multis
232 721 374 746 nobilibus
398 729 430 746 ac
453 721 601 755 armigeris
624 725 690 747 ante
714 725 810 754 portas
829 722 907 747 urbis
923 721 979 747 Ro-

57 773 174 798 manae,
194 766 351 798 ibidemque
369 765 502 791 dormivit
525 766 573 791 illa
591 769 674 791 nocte
690 775 754 791 cum
773 769 833 791 toto
852 767 979 792 exercitu

56 817 110 834 fluo
126 811 154 834 in
170 811 275 843 campis
286 830 292 841 ‚
312 818 436 842 persona
454 818 523 835 vero
540 811 699 842 majestatis
717 819 785 836 suae
800 811 934 836 dormivit
950 812 980 836 in

57 854 140 878 domo
153 855 299 879 cuiusdem
316 854 477 879 Florentini
493 855 658 880 mercatoris
672 856 805 880 videlicet
819 856 852 880 de
868 855 979 888 Spinol-

58 898 92 923 lis
109 901 137 924 et
152 899 259 933 regina,
277 898 336 923 siue
353 898 411 923 filia
426 899 502 933 regis
515 900 655 932 quondam
665 899 891 934 Portugalensis,
907 908 978 933 quae

59 942 114 967 suit
133 945 162 968 et
184 944 228 968 est
245 950 324 967 soror
345 943 435 976 patris
454 944 549 978 regis,
569 951 640 976 quae
662 944 761 969 eodem
780 945 823 970 die
840 953 904 970 cum
921 952 979 969 ma-

56 988 130 1014 ximo
138 987 290 1019 triumpho,
309 987 464 1019 multisque
476 988 612 1013 militibus
624 991 652 1013 et
660 989 804 1014 nobilibus
816 990 901 1014 ctiam
910 992 979 1014 tunc

54 1032 174 1057 Romam
193 1029 276 1056 simili
293 1031 376 1055 modo
392 1031 440 1057 illa
453 1036 538 1057 nocte
555 1035 620 1058 ante
637 1036 734 1066 portas
751 1033 857 1058 Romae
873 1033 978 1058 dormi-

56 1076 98 1100 vit
116 1075 144 1100 in
164 1075 218 1100 alia
237 1075 320 1099 domo
337 1075 374 1100 ibi
390 1077 560 1109 propinqua.
585 1077 622 1102 Et
638 1077 754 1103 inerunt
771 1085 868 1102 omnes
888 1077 978 1102 cardi-

53 1119 149 1150 nales,
169 1119 389 1152 archiepiscopi,
410 1120 535 1154 episcopi
553 1122 714 1154 caeterique
732 1122 850 1154 praelati
866 1121 977 1146 obviam

54 1163 235 1188 serenissimo
248 1164 308 1197 regi
325 1164 398 1188 bene
415 1173 466 1197 per
483 1165 610 1197 spacium
630 1166 743 1191 dimidie
767 1167 864 1191 leucae
892 1169 921 1190 et
936 1166 978 1190 ul-

54 1210 99 1232 tra
125 1214 182 1232 una
203 1215 266 1232 cum
288 1211 419 1233 senatore
441 1209 589 1234 duodecim
610 1211 773 1244 regionibus
802 1210 977 1242 caeterisque

54 1251 197 1276 nobilibus
220 1252 377 1283 Romanis,
402 1253 448 1285 qui
479 1262 577 1279 omnes
603 1257 685 1279 erant
704 1255 800 1279 vestiti
824 1255 858 1279 de
881 1262 977 1287 panno

54 1296 220 1327 scarlatic0‚
238 1305 329 1328 usque
351 1297 384 1322 ad
404 1305 556 1322 numerum
577 1298 782 1330 ducentorum,
803 1307 873 1331 quos
896 1307 977 1323 sanc-

53 1340 180 1365 tissimus
199 1340 331 1365 dominus
353 1344 452 1366 noster
473 1349 547 1374 papa
570 1343 685 1367 vestivit
705 1343 763 1368 suis
784 1343 929 1376 expensis,
948 1343 976 1367 in

54 1385 221 1409 memoriam
245 1385 318 1417 quod
340 1388 437 1410 essent
457 1385 593 1411 officiales
618 1389 647 1411 et
667 1390 800 1419 tanquam
820 1386 975 1411 familiares

52 1428 213 1453 sanctitatis
229 1436 295 1453 suae
312 1432 340 1454 et
357 1429 385 1454 in
400 1429 455 1454 hoc
471 1431 553 1464 signo
567 1434 650 1455 erant
664 1431 759 1456 vestiti
770 1431 859 1456 rubeo
873 1431 976 1462 colore,

51 1472 126 1497 sicut
144 1473 303 1505 caeterique
318 1473 443 1498 scutiferi
462 1477 489 1499 et
506 1474 659 1500 familiares
677 1475 736 1500 eius
753 1474 920 1499 sanctitatis.

121 1515 193 1541 Item
214 1517 268 1542 alia
288 1517 331 1542 die
351 1517 481 1543 videlicet
500 1517 548 1543 IX.
563 1518 672 1551 Marcii,
693 1527 765 1552 quae
784 1520 838 1544 fuit
857 1518 915 1543 dies
925 1518 974 1543 Jo-

51 1560 94 1585 vis
115 1563 180 1586 ante
199 1561 366 1586 dominicam
390 1562 480 1593 Oculi,
499 1562 617 1587 intravit
632 1563 776 1587 Romanus
796 1563 973 1595 supradictus

50 1612 99 1629 rex
115 1613 179 1629 cum
195 1606 323 1638 potentia
339 1613 441 1639 magna
458 1608 487 1631 et
505 1615 620 1632 excesso
641 1607 706 1640 (sic)
727 1607 873 1640 triumpho
887 1610 915 1631 et
927 1615 974 1632 ve-

49 1648 93 1673 nit
115 1657 178 1673 cum
203 1650 356 1674 serenitate
381 1658 431 1675 sua
453 1658 501 1675 rex
514 1650 681 1685 Hungariae
707 1653 735 1676 et
747 1651 901 1676 Bohemiae
919 1651 973 1676 dux

48 1692 182 1718 Albertus
199 1693 288 1718 frater
303 1702 386 1725 suus,
406 1694 450 1726 qui
472 1694 528 1719 fuit
543 1696 708 1728 capitaneus
725 1698 753 1720 et
767 1695 869 1719 ductor
881 1702 973 1719 armo-

48 1745 113 1762 rum
128 1745 244 1761 suorum
267 1745 331 1762 cum
354 1738 450 1762 multis
473 1739 624 1763 comitibus
652 1739 805 1764 baronibus
825 1742 852 1763 et
871 1739 973 1764 nobili<

47 1781 101 1806 bus
120 1781 246 1806 infinitis,
268 1781 454 1807 Beatissimus
476 1790 543 1807 vero
568 1783 593 1807 d.
621 1792 649 1808 n.
674 1792 720 1817 pp.
744 1783 823 1808 venit
840 1786 907 1808 tunc
921 1784 972 1808 ob-

46 1825 122 1850 viam
144 1826 196 1850 sibi
220 1826 248 1850 in
263 1824 367 1850 Sancto
391 1825 478 1850 Petro
504 1834 593 1858 usque
618 1827 653 1851 ad
679 1827 784 1861 gradus
808 1828 970 1860 superiores

46 1877 110 1894 cum
125 1870 255 1894 omnibus
273 1869 460 1894 cardinalibus
477 1870 697 1904 archiepiscopis
713 1874 741 1896 et
755 1872 894 1904 episcopis
911 1871 968 1896 suis

49 1916 103 1939 etc.
123 1913 208 1938 Venit
228 1913 312 1937 simul
334 1916 362 1938 et
380 1914 479 1948 regina
496 1916 524 1939 et
539 1913 642 1939 ibidem
660 1917 725 1940 ante
739 1915 846 1947 primos
862 1915 968 1949 gradus

45 1960 74 1983 et
92 1957 230 1982 secundos
245 1957 350 1991 gradus
369 1958 495 1991 suscepit
508 1958 593 1990 ipsos.
614 1958 650 1983 Et
663 1958 967 1990 ibidemjuramentum

43 2002 168 2032 solitum,
187 2004 253 2034 post
269 2001 339 2025 baec
355 2001 426 2026 idem
443 2002 468 2028 d.
483 2010 510 2026 n.
530 2010 604 2035 papa
622 2010 753 2028 reversus
776 2005 820 2028 est
840 2003 873 2028 ad
889 2004 965 2036 pala-

42 2045 115 2071 tium
131 2053 213 2070 suum
229 2053 293 2069 cum
308 2045 384 2070 clero
400 2053 450 2070 suo
465 2048 494 2070 et
510 2046 580 2071 duos
597 2047 753 2071 cardinales
769 2047 910 2072 duxerunt
923 2056 965 2073 re-

42 2097 108 2124 gem
129 2096 193 2113 cum
210 2089 354 2113 nobilibus
371 2089 428 2113 suis
450 2089 479 2114 in
500 2097 581 2114 suum
601 2091 759 2115 oratorium
783 2094 849 2116 ante
875 2092 964 2117 altare

43 2140 197 2166 magnum,
217 2135 244 2157 et
272 2133 311 2157 sic
329 2133 431 2165 depost
450 2141 514 2158 eum
532 2134 729 2159 conduxerunt
755 2142 844 2167 usque
868 2136 900 2160 ad
923 2136 964 2160 lo-

43 2185 107 2202 cum
124 2177 283 2201 ordinatum
306 2177 334 2201 in
356 2177 462 2209 palatio
480 2177 505 2202 d.
522 2186 548 2202 n.
573 2185 645 2210 papa
664 2179 797 2203 nobiliter
808 2187 962 2212 praepara-

41 2222 102 2245 tum
117 2229 181 2245 cum
203 2219 301 2245 maiori
320 2223 399 2253 parte
418 2222 557 2246 nobilium
577 2230 702 2247 suorum.
722 2223 783 2247 Rex
798 2231 865 2247 vero
883 2223 963 2248 liun-

39 2264 134 2298 gariae
151 2265 281 2289 similiter
290 2265 384 2289 locum
395 2265 548 2290 mansionis
559 2273 625 2290 suae
634 2266 791 2291 habebatin
800 2268 916 2299 palatio.
926 2267 962 2292 Et

42 2308 96 2332 dux
115 2309 242 2341 prefatus
259 2307 391 2333 Albertus
410 2317 474 2333 cum
492 2309 617 2334 exercitu
641 2318 692 2334 suo
715 2319 803 2344 prope
824 2312 961 2344 palatium

41 2352 201 2384 praefatum
223 2352 256 2376 ad
278 2355 407 2377 sanctum
426 2353 575 2386 spiritum,
594 2354 695 2388 regina
712 2361 779 2379 vero
799 2364 862 2380 cum
881 2356 960 2380 duci-

39 2395 91 2420 bue
102 2396 159 2420 suis
175 2396 302 2421 similiter
319 2404 407 2428 super
416 2397 521 2430 gradus
535 2398 625 2422 sancti
637 2397 713 2423 Petri
724 2398 958 2424 habebatlocum.

109 2433 178 2463 Post
191 2439 261 2464 haec
279 2440 417 2465 dominica
435 2441 512 2465 Oculi
525 2449 595 2474 quae
614 2442 667 2466 suit
685 2442 848 2468 duodecima
861 2443 957 2468 Marcii

41 2485 70 2507 et
89 2482 218 2507 similiter
246 2484 289 2508 die
312 2485 411 2516 lunae,
439 2493 492 2517 qua
515 2486 713 2511 celebrabatur
738 2486 844 2512 festum
867 2488 958 2512 sancti

42 2525 187 2560 Gregorii,
207 2527 284 2552 venit
301 2527 430 2552 dominus
447 2537 495 2554 rex
516 2538 578 2554 cum
596 2530 739 2562 praedicto
757 2538 825 2565 rege
841 2531 958 2566 Hunga-

38 2569 98 2594 riae
117 2569 292 2602 caeterisque
314 2572 456 2597 nobilibus
473 2574 530 2598 suis
554 2574 582 2598 in
600 2575 707 2607 capella
734 2574 759 2599 d.
776 2583 804 2599 n.
825 2583 899 2608 papa
924 2576 957 2601 ad

38 2613 152 2640 missam
170 2621 248 2639 suam
270 2616 299 2639 et
321 2614 375 2640 fuit
394 2616 474 2642 locus
496 2625 564 2643 suus
586 2617 660 2643 infra
681 2618 747 2651 (sic)
767 2626 832 2644 suos
851 2620 956 2652 primos

1046 590 1214 616 cardinales.
1234 590 1327 616 Locus
1342 600 1410 617 vero
1423 593 1498 627 regis
1509 593 1673 628 Hungariae
1688 595 1741 620 fuit
1756 596 1887 622 similiter
1895 598 1969 622 inter

1045 633 1116 658 duos
1133 635 1290 660 cardinales
1306 636 1458 661 inferioris.
1478 636 1571 663 Locus
1589 641 1683 664 autem
1702 640 1781 664 ducis
1790 640 1899 665 Alberti
1916 641 1970 666 fuit

1044 678 1152 710 primus
1173 679 1207 703 ad
1228 679 1315 712 pedes
1339 680 1364 705 d.
1381 689 1409 705 n.
1433 688 1537 714 papae,
1557 690 1622 707 cum
1646 684 1748 709 caetris
1769 685 1918 710 comitibus
1942 689 1970 711 ct

1043 721 1208 748 baronibus.

1115 765 1220 791 Postea
1247 774 1314 792 vero
1339 768 1382 792 die
1402 767 1483 793 Jovis
1509 769 1640 796 videlicet
1666 771 1740 799 XVI.
1765 771 1865 797 Marcii
1892 775 1971 799 venit

1044 817 1117 842 papa
1134 810 1167 834 ad
1182 812 1297 836 missam
1314 812 1341 836 in
1359 812 1475 838 ecclesia
1491 815 1582 839 sancti
1598 815 1674 840 Petri
1689 824 1752 840 cum
1769 817 1891 851 collegio
1908 826 1969 849 suo,

1045 854 1195 879 cardinalis
1214 862 1280 879 vero
1294 856 1494 882 Auinionensis
1512 858 1684 884 caelebravit
1698 861 1812 885 missam
1829 862 1969 887 etibitlem

1044 898 1124 923 venit
1145 907 1194 923 rex
1220 907 1284 924 cum
1307 900 1408 933 regina
1430 909 1480 926 sua
1496 903 1643 928 mittentes
1660 912 1690 928 se
1713 905 1746 929 ad
1764 913 1785 929 s.
1802 913 1921 938 papam,
1942 909 1970 931 et

1044 941 1105 975 ipse
1127 942 1259 968 dominus
1281 952 1308 968 n.
1327 952 1401 976 papa
1419 946 1565 978 copulavit
1586 955 1633 972 eas
1649 948 1678 972 in
1697 951 1774 973 statu
1791 951 1970 980 matrimonii,

1044 986 1135 1011 dando
1158 987 1224 1019 ipsis
1250 987 1279 1012 in
1292 989 1406 1020 propria
1425 998 1546 1021 persona
1562 992 1700 1016 annulum
1718 992 1783 1017 fidei
1802 997 1969 1026 caeteraque

1044 1030 1078 1054 ad
1095 1030 1149 1055 hoc
1163 1032 1334 1057 necessaria,
1356 1032 1501 1063 Quofacto
1518 1035 1615 1060 statim
1631 1035 1818 1068 incipiebatur
1832 1039 1917 1063 missa
1934 1039 1969 1063 de

1044 1077 1143 1099 sancta
1166 1074 1326 1107 Trinitate,
1345 1079 1411 1102 ante
1435 1085 1502 1102 vero
1523 1080 1704 1114 euangelium
1725 1081 1850 1106 eIusdem
1866 1083 1968 1107 missae

1043 1118 1123 1143 venit
1146 1118 1306 1144 antedictus
1332 1128 1379 1145 rex
1402 1121 1502 1146 iterato
1530 1123 1652 1156 iungens
1675 1132 1704 1148 se
1727 1125 1761 1149 ad
1786 1126 1870 1158 pedes
1893 1127 1917 1151 d.
1940 1136 1968 1153 n.

1042 1170 1132 1195 papae
1149 1172 1212 1188 eum
1229 1172 1342 1195 corona,
1363 1173 1447 1197 quam
1463 1168 1571 1199 accepit
1586 1168 1613 1192 in
1628 1168 1809 1202 ,aquisgrano
1829 1173 1856 1195 et
1870 1174 1968 1204 postu-

1044 1207 1112 1231 lavit
1126 1208 1277 1233 secundam
1294 1218 1444 1242 coronam,
1465 1219 1547 1243 quam
1565 1212 1706 1237 debuisset
1722 1215 1850 1247 accipere
1870 1216 1898 1240 in
1911 1215 1968 1241 Me-

1044 1251 1167 1277 diolano.
1186 1252 1223 1277 Et
1244 1253 1269 1278 d.
1294 1261 1321 1278 n.
1343 1261 1415 1287 papa
1439 1254 1491 1279 sibi
1513 1256 1628 1281 eandem
1649 1258 1783 1283 videlicet
1800 1263 1967 1293 argenteam

1043 1296 1138 1328 palam
1162 1300 1191 1322 et
1214 1297 1326 1330 publice
1348 1298 1375 1322 in
1393 1300 1536 1331 presentia
1557 1302 1683 1326 omnium
1703 1302 1779 1327 dedit
1801 1311 1852 1328 suo
1872 1305 1966 1337 capiti.

1043 1339 1109 1365 Fuit
1127 1343 1221 1366 autem
1246 1342 1324 1366 locus
1345 1350 1413 1366 suus
1436 1345 1503 1368 tunc
1526 1347 1558 1369 ut
1578 1353 1664 1378 supra
1688 1346 1781 1372 adhuc
1800 1347 1874 1373 inter
1895 1348 1960 1381 (sic)

1043 1383 1113 1409 duos
1133 1385 1290 1410 cardinales
1310 1386 1426 1418 primos.

1111 1429 1170 1453 Rex
1197 1438 1262 1454 vero
1283 1430 1446 1465 Hungariae
1475 1440 1539 1457 eum
1565 1440 1620 1458 vno
1647 1441 1752 1468 magno
1778 1435 1866 1460 nobili
1888 1436 1966 1461 duxit

1042 1481 1191 1505 sponsam,
1211 1477 1240 1498 et
1262 1478 1305 1499 est
1325 1476 1485 1507 praedictus
1508 1485 1557 1502 rex
1583 1477 1746 1512 Hungariae
1768 1478 1882 1510 juvenis
1902 1482 1965 1513 pul-

1040 1517 1109 1542 cher
1122 1518 1220 1550 valde,
1240 1518 1349 1544 habens
1365 1520 1417 1544 XII
1432 1521 1477 1546 vel
1492 1521 1561 1546 XIII
1575 1530 1674 1555 annos,
1690 1524 1791 1557 regina
1807 1532 1875 1550 vero
1891 1525 1964 1550 circa

1040 1561 1091 1585 XV
1111 1569 1210 1589 anuos.

1109 1605 1181 1631 Item
1210 1606 1254 1632 die
1274 1607 1417 1634 dominica
1437 1609 1536 1634 Letare
1561 1618 1614 1643 que
1633 1611 1689 1635 suit
1707 1612 1771 1636 XIX
1790 1611 1888 1638 Marcii
1908 1621 1963 1645 qua

1039 1649 1171 1674 similiter
1192 1649 1235 1675 die
1258 1651 1343 1676 etiam
1359 1653 1413 1677 fuit
1429 1657 1580 1679 coronatus
1604 1663 1625 1680 s.
1642 1656 1666 1680 d.
1683 1664 1710 1680 n.
1728 1664 1801 1688 papa
1817 1658 1963 1689 supradic—

1039 1696 1085 1718 tus
1103 1695 1300 1720 serenissimus
1312 1704 1360 1721 rex
1375 1698 1453 1722 venit
1469 1699 1502 1722 ad
1517 1700 1623 1732 gradus
1639 1699 1814 1725 sauctiPetri
1826 1704 1890 1726 ante
1901 1709 1962 1733 por-

1039 1740 1082 1762 tas
1099 1739 1249 1767 ecclesiae,
1270 1740 1316 1764 ubi
1334 1740 1359 1765 d.
1374 1749 1400 1766 n.
1419 1750 1492 1775 papa
1510 1751 1573 1768 eum
1590 1744 1696 1777 recepit
1711 1748 1739 1770 et
1759 1745 1877 1770 introire
1894 1745 1961 1771 fecit

1039 1784 1068 1807 et
1088 1782 1180 1808 iurare
1195 1786 1294 1809 tenere
1312 1788 1418 1810 statuta
1434 1789 1461 1811 et
1475 1788 1666 1813 ecclesiastica
1682 1792 1860 1814 sacramenta
1875 1793 1961 1822 prout

1036 1827 1161 1858 pertinet
1188 1830 1240 1853 etc.
1267 1827 1374 1854 Ibidem
1396 1830 1451 1855 fuit
1474 1831 1566 1856 sactus
1591 1835 1692 1857 cantus
1718 1833 1808 1857 sancti
1831 1832 1907 1859 Petri
1932 1838 1960 1859 et

1036 1870 1084 1895 illo
1094 1871 1177 1895 modo
1187 1872 1306 1898 intravit
1317 1874 1465 1899 ecclesiam
1485 1875 1510 1900 «l.
1524 1884 1552 1900 n.
1568 1885 1589 1901 s.
1602 1884 1674 1909 papa
1690 1884 1757 1901 vero
1772 1879 1910 1909 processit
1931 1883 1960 1904 et

1035 1915 1114 1940 venit
1136 1917 1169 1940 ad
1187 1916 1305 1942 chorum
1323 1926 1385 1943 cum
1404 1919 1526 1952 collegio
1544 1928 1610 1952 suo,
1631 1920 1788 1953 Imperator
1803 1925 1897 1947 autem
1914 1930 1958 1947 re⁶

1034 1959 1138 1984 mansit
1148 1969 1213 1985 cum
1234 1962 1354 1987 caeteris
1366 1963 1554 1988 cardinalibus
1565 1965 1708 1989 canonicis
1721 1966 1857 1990 ecclesiae
1868 1968 1956 1991 sancti

1032 2002 1127 2033 Petri,
1149 2007 1177 2030 et
1200 2006 1240 2029 sic
1261 2006 1399 2031 cantando
1420 2008 1539 2032 letanias
1565 2009 1686 2034 maiores
1704 2009 1805 2034 ductus
1825 2010 1881 2034 suit
1901 2018 1958 2035 una

1032 2056 1096 2072 cum
1108 2047 1292 2082 Imperatrice
1315 2053 1380 2075 ante
1396 2052 1485 2076 altare
1506 2052 1539 2076 ad
1558 2052 1610 2076 hoc
1630 2055 1779 2085 ornatum,
1798 2054 1844 2078 ubi
1861 2052 1954 2086 primo

1031 2093 1221 2125 ungebantur.
1241 2093 1300 2118 Isto
1316 2095 1407 2119 medio
1423 2096 1451 2120 in
1466 2096 1553 2120 choro
1567 2097 1755 2121 cantabantur
1766 2101 1859 2122 certae
1868 2098 1955 2122 horae

1030 2136 1082 2161 diei
1091 2144 1163 2169 papa
1173 2137 1274 2162 ibidem
1285 2137 1405 2164 esis-tens
1421 2142 1449 2164 et
1460 2140 1488 2165 in
1503 2143 1577 2165 mete
1588 2143 1651 2173 post
1662 2141 1776 2165 tertiam
1787 2149 1858 2173 papa
1868 2150 1951 2174 prae-

1029 2181 1140 2213 paravit
1155 2189 1185 2206 se
1204 2181 1237 2206 ad
1249 2182 1446 2208 celebrandam
1458 2184 1580 2214 missam!
1591 2188 1618 2209 et
1629 2188 1697 2209 tunc
1709 2186 1786 2210 venit
1794 2184 1952 2218 Imperator

1029 2232 1141 2257 semper
1155 2229 1295 2259 augustus
1313 2226 1346 2251 ad
1363 2228 1458 2252 sedem
1475 2229 1826 2260 apostolicam‚osculando
1849 2237 1950 2256 manus

1029 2271 1057 2294 et
1079 2269 1165 2301 pedes
1181 2270 1269 2302 ipsius
1283 2271 1307 2294 d.
1323 2278 1349 2296 n.
1366 2279 1456 2304 papae
1473 2272 1602 2296 similiter
1616 2273 1685 2297 baec
1707 2274 1774 2298 fecit
1793 2276 1822 2299 et
1840 2276 1948 2308 regina.

1097 2313 1168 2338 Post
1186 2313 1256 2338 haee
1276 2313 1395 2346 quilibet
1414 2315 1538 2347 ipsorum
1559 2316 1692 2341 transivit
1708 2318 1740 2341 ad
1757 2318 1852 2342 locum
1868 2327 1949 2345 suum

1026 2365 1076 2389 pro
1096 2357 1165 2390 ipsis
1190 2358 1357 2391 deputatum
1381 2363 1409 2384 et
1432 2362 1583 2390 ornatum,
1614 2362 1642 2384 et
1666 2362 1734 2385 tunc
1757 2362 1949 2396 incipiebatur

1025 2401 1120 2426 missa.

1095 2446 1169 2470 Ante
1197 2446 1380 2479 euangelium
1407 2454 1472 2471 vero
1499 2447 1577 2472 venit
1595 2447 1755 2481 Imperator
1780 2450 1883 2476 iterum
1913 2453 1946 2477 ad

1027 2489 1052 2514 d.
1071 2497 1098 2515 n.
1119 2497 1220 2521 papam
1235 2490 1350 2514 indutus
1372 2498 1460 2523 cappa
1483 2493 1511 2515 et
1526 2495 1693 2517 ornamento
1710 2494 1786 2527 regis
1803 2496 1945 2527 quondam

1028 2533 1121 2557 Caroli
1139 2534 1232 2567 magni
1250 2534 1358 2558 habens
1381 2542 1514 2559 coronam
1532 2535 1560 2560 in
1578 2537 1686 2569 capite,
1706 2546 1789 2569 quam
1808 2539 1851 2564 die
1865 2539 1946 2565 Jovis

1026 2580 1169 2602 transacta
1191 2580 1339 2610 receperat
1360 2580 1388 2602 et
1409 2578 1497 2603 frater
1520 2587 1588 2604 suus
1611 2581 1744 2613 portabat
1767 2584 1831 2607 ante
1852 2583 1945 2616 ipsum

1026 2629 1159 2648 coronam
1173 2621 1362 2655 imperialem,
1381 2630 1465 2654 quam
1483 2622 1600 2650 Carolus
1615 2633 1736 2659 magnus
1754 2628 1945 2660 personaliter
