2209 2858
153 150 270 184 cxvl

533 132 743 189 Anhang.
776 128 940 187 Konig
956 125 1208 172 FriedrIoh
1236 124 1326 170 IV.
1360 133 1470 177 1452,
1497 135 1600 169 Marz
1627 135 1687 171 19.

141 218 2068 245 ffl

293 306 346 333 96.
386 303 486 336 Papsc
507 301 661 329 Nicolaus
688 299 723 327 V.
748 298 950 327 beurkundec
971 297 1022 324 die
1044 296 1204 330 Kranunq
1225 295 1267 323 K.
1290 293 1476 324 Friedrichs
1499 300 1577 321 zum
1597 293 1778 323 ro'misclien
1800 294 1931 324 Kaiser.

388 356 499 392 1452,
521 355 618 382 Mdrz
641 354 694 381 19.
718 353 810 387 Reqy.
833 352 892 379 Νο.
915 351 1019 379 2776.

225 434 360 459 Nicolaus
381 431 532 465 episcopus
560 436 658 454 servus
679 435 792 453 servum
814 426 865 451 dei.
891 425 934 450 Ad
953 425 1079 449 suturam

153 481 193 506 rei
212 478 386 504 memoriam.
406 475 563 508 Imperator
580 476 696 498 eternus
712 473 849 496 immensa
861 469 1018 495 maiestatis
1029 475 1079 493 sue

152 521 339 557 dispositione
359 522 460 545 cuncta
481 518 598 544 celestia
617 517 699 542 simul
724 519 752 541 et
771 518 886 540 terrena
912 514 1079 548 gubernans

153 572 294 594 terrarum
322 563 501 590 orbem'sub
529 562 713 587 distinctione
740 567 895 594 regnorum
917 561 945 582 et
965 557 1078 581 illorum

151 611 314 646 principatu
333 608 483 634 constituit
502 607 654 631 salubriter
674 604 827 639 gubernari
847 611 883 628 ne
904 605 1011 642 statum
1025 601 1080 626 hu-

152 663 234 682 mane
262 656 392 679 creature
418 651 581 685 ymaginem
603 650 646 675 sui
667 649 806 673 creatoris
832 648 953 672 formate
979 645 1076 670 mundi

155 702 347 732 tempestuose
374 696 578 722 fluctuationes
599 694 807 718 confunderent
830 692 873 717 vel
893 691 953 716 eius
973 691 1077 723 quietis

153 744 333 769 dulcedinem
354 741 525 774 impedirent
545 739 708 771 quinymmo
728 740 759 762 ut
779 744 877 761 omnes
898 736 948 760 sub
964 734 1033 759 iuris
1049 736 1078 758 et

151 788 310 814 honestatis
336 786 445 819 legibus
472 785 529 809 vita
550 783 669 817 pacifica
691 783 820 806 viverent
847 783 875 805 et
901 780 935 804 ab
956 778 1076 803 offensis

150 835 318 859 alterutrum
334 831 520 859 abstinerent,
536 825 717 859 naturalique
729 825 834 850 affectu
845 825 982 849 factorem
994 831 1076 847 suum

150 878 357 911 cognoscerent
377 873 506 907 agnitum
527 873 658 897 colerent
685 873 713 895 et
733 878 784 895 suo
804 870 970 894 reverenter
990 868 1077 899 impe-

148 923 191 947 rio
211 921 398 946 subiacerent.
420 917 539 942 Demuru
561 924 627 940 vero
648 918 807 940 creaturam
827 913 917 945 ipsam
939 912 971 936 ab
987 911 1075 943 ipsius

148 965 264 992 factoris
283 963 429 998 agnitione
446 961 555 986 deviam
577 968 686 992 suoque
709 959 790 983 cultu
813 958 947 982 oberrare
965 955 1076 988 prospi-

150 1012 228 1036 ciens
250 1007 433 1041 unigenitum
449 1014 532 1030 suum
547 1005 624 1029 misit
641 1005 669 1028 in
684 1003 819 1028 mundum
835 1005 866 1026 ut
877 1009 939 1026 eam
952 1001 984 1025 ad
996 1001 1075 1034 agni-

152 1058 259 1080 tionem
289 1054 318 1076 et
343 1051 451 1076 cultum
479 1048 641 1074 huiusmodi
667 1049 817 1073 revocaret
843 1049 871 1071 et
897 1046 940 1070 sui
967 1046 1076 1070 faceret

150 1099 231 1132 regni
256 1096 425 1126 coheredes,
453 1095 498 1127 qui
526 1093 669 1118 rediturus
697 1092 731 1117 atl
751 1095 861 1124 patrem
881 1089 1076 1122 apostolorum

150 1143 306 1177 principem
327 1139 379 1164 sibi
399 1139 535 1163 vicarium
556 1137 681 1161 instituit
704 1139 737 1160 ut
757 1135 866 1160 cunctis
886 1141 953 1158 cura
974 1133 1075 1158 salutis

151 1184 398 1220 superintenderet
418 1185 447 1207 et
466 1181 623 1206 commissis
644 1180 756 1213 populis
775 1179 827 1203 sibi
843 1177 997 1203 salubriter
1012 1185 1077 1209 pre-

151 1232 264 1257 sideret.
286 1228 344 1253 Nos
365 1227 454 1261 igitur
473 1226 519 1258 qui
541 1226 607 1250 licet
627 1225 760 1249 immeriti
777 1222 864 1256 ipsius
882 1222 1077 1255 apostolorum

150 1276 286 1309 principis
311 1274 339 1298 in
365 1271 524 1297 huiusmodi
554 1271 613 1294 eius
640 1269 779 1293 vicariatu
807 1275 905 1292 sumus
928 1274 942 1291 a
962 1266 1076 1290 domino

152 1318 302 1345 constituti
322 1323 500 1343 successores
529 1318 557 1339 et
576 1314 697 1339 ecclesie
724 1311 876 1337 militantis
903 1311 954 1336 sub
974 1319 1029 1342 qua
1049 1313 1077 1335 et

152 1371 266 1389 sacrum
282 1363 442 1386 Romanum
467 1359 616 1390 imperium
641 1357 715 1381 dicto
738 1355 902 1389 imperatori
923 1355 1079 1379 famulatur

151 1416 202 1433 sua
224 1405 407 1431 miseratione
432 1403 624 1436 presidemus,
652 1401 743 1433 quoad
771 1400 826 1424 hoc
851 1397 984 1432 pervigili
1011 1406 1078 1423 cura

151 1450 294 1477 commissi
315 1449 397 1473 nobis
420 1445 506 1471 officii
528 1446 654 1471 debitum
668 1445 790 1470 libenter
805 1443 969 1475 exequimur
987 1445 1018 1467 ut
1037 1443 1078 1474 ip-

151 1497 209 1521 sius
226 1493 335 1526 imperii
352 1495 380 1517 et
397 1491 578 1525 singulorum
593 1490 654 1514 iura
671 1496 827 1523 regnorum
844 1487 895 1513 sub
911 1487 1016 1512 salubri
1033 1494 1078 1511 re—

152 1540 259 1574 gimine
277 1538 310 1562 ad
328 1536 414 1561 divini
429 1535 552 1560 nominis
568 1534 687 1568 gloriam
704 1533 844 1558 catholice
861 1531 1078 1565 fideipropaga-

151 1586 258 1610 tionem
276 1585 303 1607 et
314 1582 400 1606 totius
411 1579 452 1605 rei
463 1579 572 1612 publice
581 1577 801 1611 prosperitatem
810 1577 932 1602 fideliter
942 1578 1078 1601 tueantur

152 1631 180 1653 et
196 1627 318 1652 feliciter
334 1625 546 1659 gubernentur.
568 1622 639 1646 Cum
654 1622 749 1654 itaque
766 1621 872 1646 dudum
890 1628 1004 1645 sacrum
1020 1621 1078 1644 Ro-

151 1680 269 1697 manum
285 1669 433 1702 imperium
449 1676 501 1700 per
522 1667 630 1691 obitum
652 1666 726 1690 clare
743 1665 878 1689 memorie
893 1663 1003 1689 Alberti
1021 1663 1078 1687 Ro-

152 1723 303 1742 manorum
320 1713 397 1747 regis
422 1712 558 1746 principis
582 1711 627 1743 qui
655 1710 730 1734 illius
751 1708 944 1743 gubernacula
960 1709 1077 1741 gereret

152 1762 227 1785 soret
248 1758 350 1784 solatio
371 1757 533 1786 viduatum,
555 1755 733 1780 venerabiles
758 1754 860 1778 fratres
882 1752 971 1776 nostri
992 1755 1020 1776 et
1037 1752 1078 1776 di-

152 1804 219 1830 lecti
241 1803 289 1828 filii
313 1802 423 1827 nobiles
438 1801 491 1825 viri
508 1799 596 1832 ipsius
612 1799 724 1831 imperii
739 1798 880 1823 electores
899 1796 933 1821 ad
950 1795 1077 1820 inclitam

151 1850 268 1874 domum
282 1846 399 1871 Austrie
423 1853 476 1877 que
501 1852 598 1877 regem
616 1843 774 1876 predictum
801 1850 831 1866 ac
855 1840 1032 1865 carissimum
1047 1838 1078 1864 in

151 1893 266 1918 Christo
285 1891 374 1915 filium
392 1892 522 1914 nostrum
541 1888 719 1912 Fridericum
737 1887 933 1911 Romanorum
957 1885 1077 1917 impera-

150 1940 241 1962 torem
259 1942 371 1967 semper
385 1936 538 1967 augustum
555 1932 654 1965 genuit
664 1922 866 1955 convertentes
881 1929 1000 1953 intuitus
1011 1936 1077 1953 suos

152 1980 345 2016 generositate
363 1978 420 2003 vita
434 1978 558 2002 moribus
575 1980 603 2001 et
621 1977 758 2000 virtutum
777 1975 885 1999 meritis
900 1972 1078 2006 preclarissi-

150 2026 203 2051 mis
228 2025 329 2057 quibus
351 2022 426 2047 idem
451 2021 611 2046 carissimus
630 2019 705 2044 filius
733 2022 831 2043 noster
849 2017 1015 2050 prefulgere
1038 2016 1077 2040 di-

152 2069 280 2095 noscitur
298 2067 366 2100 ipsis
385 2073 464 2098 spem
480 2065 622 2089 indubiam
639 2063 841 2096 pollicentibus
857 2061 931 2093 quod
951 2060 1077 2086 eiusdem

152 2113 259 2138 Alberti
278 2119 361 2144 quem
375 2110 548 2135 catholicum
565 2111 594 2134 et
610 2109 686 2140 pium
703 2107 860 2140 principem
877 2105 987 2130 iusticie
1003 2104 1077 2129 zela-

150 2161 242 2183 torem
264 2156 328 2181 fidei
351 2158 379 2180 et
401 2154 521 2180 ecclesie
543 2152 740 2178 fidelissimum
762 2152 955 2183 protectorem
973 2151 1001 2173 et
1018 2157 1078 2173 om-

150 2203 229 2226 nium
253 2202 390 2225 virtutum
412 2197 587 2230 plenitudiue
610 2196 774 2221 redimitum
799 2196 931 2219 universa
954 2200 1077 2217 comme-

152 2247 244 2270 morat
260 2244 378 2269 ecclesia
395 2243 518 2270 imitator
533 2249 595 2266 esse
614 2241 739 2264 studeret
755 2238 955 2272 integerrimus
976 2237 1004 2262 in
1021 2237 1078 2261 Ro-

153 2295 404 2319 manorumregem
415 2287 597 2319 postmodum
616 2286 643 2309 in
659 2285 787 2309 futurum
798 2284 1000 2315 imperatorem
1011 2289 1077 2316 pro-

155 2342 214 2357 unos
223 2333 324 2356 endum
339 2331 461 2355 unanimi
472 2333 537 2355 voto
548 2330 642 2354 divina
660 2329 826 2361 disponente
846 2327 996 2351 clementia
1012 2334 1077 2350 con-

154 2375 278 2400 corditer
294 2375 451 2408 eligerunt,
472 2375 544 2399 idem
565 2382 631 2398 vero
649 2373 809 2398 Fridericus
831 2371 941 2405 digesta
960 2371 1076 2394 medita-

155 2421 230 2445 tione
247 2419 343 2452 previa
365 2418 398 2443 ad
418 2419 572 2443 eorundem
589 2419 744 2443 electorum
760 2416 925 2441 instantiam
945 2415 1076 2439 electioni

157 2463 321 2489 huiusmodi
343 2463 525 2487 consentiens
547 2466 575 2487 et
595 2463 728 2486 humeros
753 2469 817 2486 suos
841 2458 923 2494 regni
947 2462 1008 2484 tute
1027 2467 1076 2493 ge-

157 2508 244 2533 rendo
262 2508 391 2540 prompta
412 2505 560 2530 devotione
579 2506 748 2530 submittens
770 2505 861 2538 regali
883 2512 935 2537 per
951 2511 1015 2529 eum
1031 2511 1077 2527 su-

157 2555 253 2584 ».cnpta
274 2550 363 2575 insula
380 2549 413 2573 de
434 2549 586 2574 virtutihus
610 2549 639 2574 in
653 2550 775 2574 virtutes
794 2549 944 2581 proficiens
968 2556 999 2572 ac
1019 2555 1076 2572 me-

157 2598 209 2619 iim
232 2593 338 2620 meritis
361 2593 539 2618 accumulans
564 2602 613 2626 per
635 2602 723 2619 annos
750 2594 808 2618 sere
825 2593 973 2618 duodecim
994 2593 1076 2626 regni

1145 423 1188 448 sui
1202 423 1393 457 gubernacula
1416 422 1486 447 adeo
1503 421 1619 455 provide
1635 422 1745 447 utiliter
1760 425 1788 447 et
1802 423 1956 449 salubriter
1969 431 2069 458 gesse-

1144 467 1190 495 rit.
1214 467 1333 492 ecclesie
1352 467 1455 491 unitati
1477 469 1505 491 et
1524 465 1613 499 ipsius
1634 466 1717 499 regni
1737 467 1920 500 prosperitati
1940 467 2071 502 singulo-

1143 519 1263 543 rumque
1280 511 1425 536 servandis
1442 511 1548 536 iuribus
1568 513 1597 536 et
1611 511 1742 536 fidelibus
1759 511 1932 543 quibuslibet
1947 512 1977 536 in
1990 510 2068 545 pacis

1145 555 1323 581 successibus
1339 555 1434 580 votive
1452 553 1607 589 dirigendis
1623 555 1776 589 diligenter
1791 555 1917 581 intentus
1928 558 1961 581 ut
1975 556 2070 589 ipsum

1144 600 1294 632 imperium
1318 601 1375 623 tam
1396 598 1506 631 providi
1529 599 1621 623 fidelis
1648 601 1677 624 et
1696 599 1733 632 pii
1747 598 1885 632 principis
1901 598 1978 624 felici
1995 599 2069 634 regi-

1143 644 1210 668 mini
1226 643 1423 675 multipliciter
1438 643 1562 677 gaudeat
1576 651 1605 668 se
1615 643 1806 675 commissum,
1821 644 2003 677 postmodum
2021 651 2069 669 au-

1144 692 1200 713 tem
1217 688 1290 713 idem
1308 687 1385 712 filius
1402 691 1501 712 noster
1517 687 1682 712 carissimus
1700 688 1733 712 ad
1750 688 1888 713 honorem
1905 690 2004 713 sancte
2013 688 2071 713 Ro-

1144 739 1225 756 mane
1244 731 1364 757 ecclesie
1389 734 1417 756 et
1439 731 1511 756 sacri
1532 732 1642 763 imperii
1665 732 1750 757 decus
1773 732 1888 757 victorie
1904 732 2070 757 unctionem

1143 779 1173 801 et
1190 777 1335 809 imperiale
1352 776 1480 801 diadema
1501 777 1533 801 ab
1549 776 1609 809 ipsa
1627 776 1745 801 ecclesia
1765 779 1951 809 suscepturus
1970 778 2069 801 nostro

1144 829 1181 845 se.
1199 821 1363 853 conspectui
1381 821 1558 853 presentavit
1580 823 1607 844 et
1623 821 1672 845 illa
1687 829 1739 853 per
1760 829 1861 846 manus
1881 823 1994 846 nostras
2018 821 2070 846 sibi

1143 865 1268 898 impendi
1285 865 1432 889 humiliter
1451 865 1621 897 supplicavit
1638 868 1665 890 et
1679 873 1850 897 quamquam
1867 865 1896 890 in
1912 865 2070 890 minoribus

1143 910 1292 934 constituti
1313 909 1347 933 de
1368 908 1477 934 meritis
1498 912 1526 934 et
1546 909 1701 933 virtutibus
1732 910 1789 933 suis
1814 909 1968 934 fuissemus
1990 909 2070 935 suffi-

1143 955 1251 979 cienter
1273 953 1363 978 edocti
1389 953 1593 978 nichilominus
1617 961 1649 978 ea
1674 961 1727 986 que
1749 953 1841 978 laudis
1866 962 1915 978 sue
1935 954 2071 987 preconia

1141 999 1246 1023 nostris
1267 998 1382 1023 auribus
1400 997 1563 1022 retulerant
1580 998 1773 1029 experimento
1797 998 1986 1030 comperimus
2008 998 2070 1023 fore

1142 1043 1228 1077 longe
1252 1043 1370 1073 maiora,
1391 1050 1474 1074 quam
1500 1043 1574 1066 same
1598 1042 1718 1068 facultas
1748 1041 1896 1067 sufficeret
1921 1041 2071 1076 explicare.

1142 1086 1202 1112 Nos
1218 1087 1305 1120 igitur
1328 1087 1402 1111 votis
1421 1086 1479 1111 suis
1498 1094 1557 1111 non
1578 1087 1719 1111 immerito
1740 1087 1899 1120 benignum
1920 1087 2070 1112 conferen-

1142 1134 1185 1156 tes
1203 1131 1345 1162 auditum,
1365 1131 1513 1163 ipsumque
1529 1131 1638 1155 interne
1658 1131 1784 1156 caritatis
1802 1133 1830 1155 et
1847 1130 1933 1155 debiti
1952 1131 2069 1156 honoris

1144 1175 1378 1208 constringentes
1403 1174 1578 1207 amplexibus
1603 1175 1725 1199 eundem
1748 1174 1839 1199 filium
1863 1179 1995 1200 nostrum
2025 1183 2069 1200 ca—

1141 1219 1286 1244 rissimum
1308 1227 1371 1243 cum
1387 1218 1596 1243 venerabilibus
1618 1218 1754 1243 fratribus
1776 1219 1882 1243 nostris
1901 1221 1999 1244 sancte
2015 1219 2070 1244 Ro-

1143 1272 1225 1288 mane
1247 1262 1367 1288 ecclesie
1385 1263 1576 1287 cardinalibus
1599 1263 1730 1295 diligenti
1751 1263 1954 1288 deliberatione
1968 1263 2070 1296 preha-

1142 1308 1201 1332 bita
1215 1308 1248 1332 de
1264 1308 1426 1332 eorumdem
1444 1308 1564 1332 fratrum
1580 1308 1699 1332 consilio
1713 1308 1747 1332 ad
1757 1307 1878 1341 gloriam
1892 1307 2072 1340 omnipoten-

1142 1353 1178 1378 tis
1205 1353 1248 1377 dei
1271 1356 1299 1377 et
1323 1352 1452 1385 gloriose
1476 1360 1588 1385 semper
1611 1352 1730 1385 virginis
1753 1351 1843 1376 Marie
1872 1360 1903 1377 ac
1921 1353 2070 1377 beatorum

1144 1397 1337 1430 apostolorum
1361 1396 1438 1420 Petri
1459 1399 1487 1421 et
1501 1395 1583 1421 Pauli
1605 1396 1867 1429 exaltationemque
1886 1400 1914 1421 et
1930 1396 2071 1421 honorem

1144 1442 1350 1466 dicteRomane
1361 1441 1479 1465 ecclesie
1489 1443 1518 1465 et
1526 1441 1599 1465 sacri
1608 1441 1716 1473 imperii
1726 1440 1759 1465 ad
1770 1440 1981 1474 suscipiendum
1989 1441 2073 1472 impe-

1144 1486 1221 1510 rialis
1231 1485 1379 1519 dignitatis
1389 1485 1629 1519 culmen1dignum
1637 1487 1666 1509 et
1674 1485 1819 1518 ydoneum
1827 1485 2033 1510 declaravimus
2044 1488 2074 1509 et

1145 1530 1316 1554 electionem
1340 1529 1531 1561 approbantes
1549 1529 1667 1554 eandem
1691 1529 1741 1553 sibi
1759 1537 1810 1562 per
1830 1537 1932 1554 manus
1951 1537 2072 1554 venera-

1143 1575 1207 1599 bilis
1230 1574 1326 1598 fratris
1351 1573 1442 1598 nostri
1466 1572 1610 1598 Fraucisci
1626 1572 1796 1598 Portuensis
1817 1574 1943 1606 episcopi
1960 1573 2073 1598 unctio-

1144 1626 1209 1643 nem
1226 1618 1385 1642 huiusmodi
1403 1618 1527 1651 impendi
1546 1618 1667 1642 fecimus
1688 1621 1718 1642 et
1741 1618 1856 1643 tandem
1881 1618 1995 1643 collatis
2019 1617 2071 1642 sibi

1145 1663 1278 1687 omnibus
1307 1662 1453 1695 dignitatis
1477 1662 1638 1687 huiusmodi
1663 1661 1794 1695 insigniis
1820 1662 1959 1694 imperiali
1979 1662 2072 1694 ipsum

1144 1707 1302 1732 diademate
1313 1706 1471 1739 supradicto
1484 1706 1614 1730 duximus
1625 1706 1820 1731 coronandum
1836 1706 2003 1739 supplentes
2012 1714 2071 1731 om-

1145 1759 1195 1776 nes
1210 1750 1337 1776 defectus
1354 1751 1376 1775 si
1394 1751 1440 1782 qui
1461 1753 1509 1775 aut
1522 1751 1632 1775 ratione
1648 1749 1739 1775 forme
1757 1753 1806 1775 aut
1822 1750 1933 1775 ratione
1949 1758 2070 1783 persone

1146 1803 1195 1820 sue
1219 1798 1268 1819 aut
1290 1802 1480 1828 personarum
1502 1794 1645 1819 dictorum
1662 1795 1820 1819 electorum
1838 1802 1888 1819 seu
1903 1794 2001 1826 quavis
2017 1794 2072 1819 alia

1145 1840 1254 1864 ratione
1276 1839 1321 1864 vel
1346 1846 1432 1864 causa
1456 1839 1486 1863 in
1511 1838 1676 1863 huiusmodi
1702 1839 1843 1863 electione
1863 1839 2073 1863 intervenerint

1146 1885 1245 1916 quovis
1269 1883 1352 1907 modo
1378 1890 1410 1907 ex
1434 1885 1511 1907 certa
1528 1883 1645 1907 scientia
1670 1885 1698 1908 et
1718 1883 1873 1916 apostolice
1895 1882 2072 1915 plenitudine

1145 1928 1305 1961 potestatis.
1327 1927 1471 1958 Quocirca
1490 1927 1622 1951 omnibus
1634 1927 1764 1952 fidelibus
1775 1927 1890 1951 vasallis
1908 1929 1937 1952 et
1951 1926 2071 1951 subditis

1145 1971 1250 2005 prefati
1267 1971 1376 2003 imperii
1393 1971 1596 2003 cuiuscumque
1616 1971 1789 1996 conditionis
1806 1970 1929 1995 existant
1948 1971 2033 1995 etiam
2048 1971 2071 1995 si

1144 2016 1237 2050 regali
1256 2019 1305 2040 aut
1322 2015 1480 2048 pontificali
1499 2015 1638 2049 dignitate
1658 2015 1844 2049 prefulgeant
1867 2015 1992 2039 districte
2008 2023 2071 2047 pre-

1146 2061 1264 2094 cipimus
1281 2060 1412 2092 quatinus
1429 2060 1540 2092 prefato
1556 2060 1761 2092 imperatoriut
1771 2062 1907 2084 tenentur
1917 2058 2072 2084 efficaciter

1144 2107 1263 2137 pareant
1282 2108 1309 2129 et
1327 2104 1496 2136 intendant,
1516 2104 1588 2129 nulli
1606 2112 1674 2137 ergo
1693 2104 1806 2128 omnino
1820 2103 1965 2127 hominum
1987 2103 2071 2128 liceat

1145 2149 1220 2174 hanc
1234 2149 1366 2182 paginam
1379 2151 1477 2173 nostre
1494 2148 1708 2181 approbationis
1727 2151 1754 2173 et
1770 2147 1956 2180 suppletionis
1972 2146 2071 2172 infrin-

1145 2201 1213 2227 gere
1235 2194 1279 2218 vcl
1302 2193 1326 2217 ei
1351 2201 1421 2217 ausu
1438 2193 1589 2217 temerario
1608 2192 1757 2217 contraire.
1778 2191 1808 2216 Si
1827 2191 1889 2223 quis
1906 2194 2001 2216 autem
2015 2191 2069 2216 hoc

1145 2239 1316 2269 attemptare
1332 2239 1542 2269 presumpserit
1562 2236 1790 2269 indignationem
1806 2235 2010 2267 omnipotentis
2026 2235 2069 2260 dei

1145 2284 1172 2307 et
1183 2281 1331 2307 beatorum
1342 2280 1418 2305 Petri
1435 2284 1463 2305 et
1477 2280 1768 2313 Pauli¹apostolorum
1782 2279 1842 2304 eius
1857 2287 1887 2304 se
1901 2280 2013 2304 noverit
2029 2280 2070 2304 in—

1145 2334 1305 2351 cursurum.

1215 2369 1318 2394 Datum
1339 2370 1428 2394 Rome
1450 2369 1524 2402 apud
1545 2369 1681 2394 Sanctum
1701 2367 1819 2393 Petrum
1846 2375 1919 2392 anno
1939 2366 2069 2393 incarna-

1145 2415 1230 2439 tionis
1256 2414 1395 2438 dominice
1420 2413 1570 2439 millesimo
1591 2412 1870 2445 quadringentesimo
1893 2412 2069 2446 quinquage-

1145 2459 1214 2483 simo
1235 2458 1325 2490 primo
1351 2462 1452 2490 quarto
1472 2458 1581 2483 decimo
1608 2457 1747 2482 kalendas
1767 2457 1892 2489 Aprilis,
1920 2456 2068 2489 pontifica-

1144 2506 1189 2528 tus
1209 2503 1300 2528 nostri
1321 2510 1395 2527 auno
1416 2505 1502 2527 sexto.

1745 2545 1773 2569 L.
1795 2545 1829 2570 de
1850 2544 2015 2570 castiliono.
