2209 2858
168 132 281 167 cxlv

387 118 598 174 Anhang.
630 115 793 173 Kiinig
821 112 1074 158 Friedrich
1101 111 1190 156 IV.
1221 119 1333 164 1452,
1360 120 1494 156 σξηηει
1518 119 1579 156 27.
1599 120 1814 157 -Februar
1830 122 1890 156 11.

166 204 2075 235 Ρ

166 273 235 297 retis
253 274 280 296 et
295 272 395 294 curent
409 267 483 300 quod
499 269 595 292 vestra
607 268 636 291 et
649 265 775 298 ipsorum
785 265 882 290 exinde
893 264 1005 289 devotio
1016 263 1091 297 apud

167 325 217 341 vos
233 318 261 340 et
277 314 369 338 sedem
386 313 475 345 ipsam
490 310 591 336 merito
608 310 704 335 veniat
720 309 956 334 commendanda.

237 359 340 383 Datum
359 357 450 382 Rome
470 356 544 388 apud
564 354 700 380 Sanctum
719 353 838 379 Petrum
864 361 938 378 anno
959 352 1090 377 incarna-

167 404 252 429 tionis
279 401 417 427 dominice
440 400 590 426 millesimo
610 398 894 432 quadringentesimo
914 398 1091 429 quinquage-

1158 262 1228 287 simo
1247 262 1338 294 primo
1356 284 1389 289 -.
1410 261 1598 286 sextodecimo
1617 261 1755 287 kalendas
1774 263 1913 295 Januarii,
1931 263 2081 298 pontifica-

1159 308 1205 331 tus
1225 306 1316 331 nostri
1337 313 1412 331 anno
1433 306 1541 339 quinto.

1793 360 1835 386 De
1858 360 1951 386 Curia.

1738 403 1769 430 P.
1789 404 1824 430 de
1841 404 2020 439 Legendorfl'.

232 576 283 604 93.
327 573 502 602 Sclzreiben
524 573 579 600 des
601 571 737 607 Papsces
759 570 913 599 Nicolaus
941 568 977 597 V.
1000 575 1044 596 an
1065 567 1108 597 K.
1131 567 1306 597 Friedrich.
1329 566 1431 605 1452,
1451 567 1578 594 Jdnner
1599 566 1656 597 27.
1678 567 1772 602 Reyy.
1794 568 1853 596 No.
1877 567 1983 597 2760.
2007 577 2037 597 α.

630 645 779 671 Carissimo
799 644 827 670 in
848 643 957 669 Christo
970 643 1034 678 filio
1053 643 1195 668 Friderico
1215 643 1279 677 regi
1298 642 1484 668 Romanorum
1504 641 1617 667 illustri.

252 721 390 748 Nicolaus
411 719 563 750 episcopus
582 725 684 741 servus
705 723 852 741 servornm
879 715 922 740 dei
944 714 1092 739 carissimo

167 770 195 794 in
216 767 330 792 Christo
351 764 409 789 filio
429 762 574 787 Friderico
593 761 656 794 regi
677 760 872 785 Romanorum
892 758 997 784 illustri
1017 757 1093 782 salu-

167 816 226 838 tem
254 814 282 836 et
307 808 489 842 apostolicam
510 805 746 830 benedictionem.
766 804 903 838 Magnam
922 803 1002 828 nobis
1026 810 1092 827 con-

168 857 338 883 solationem
357 852 517 877 attulerunt
534 851 628 875 littere
641 852 689 874 tue
705 849 805 881 quibus
816 848 895 873 nobis
907 847 1092 881 significabas

167 905 196 927 te
214 901 323 925 Italiam
339 904 401 922 esse
418 897 581 929 ingressum
598 895 625 918 in
643 901 697 926 quo
715 893 870 926 plurimum
888 892 967 916 letati
984 900 1092 917 sumus.

166 946 265 978 Itaque
283 942 378 967 statim
393 940 571 965 decrevimus
591 938 702 963 mittere
725 938 776 962 tibi
799 937 909 961 obviam
923 937 1041 962 dilectos
1060 935 1093 960 fi-

166 991 219 1014 lios
234 990 346 1013 nostros
364 984 530 1017 Philippum
547 983 629 1007 titulo
644 985 742 1007 sancte
759 982 889 1007 Susanne
904 981 1093 1014 presbiterum

166 1038 194 1059 et
211 1033 374 1058 Johannem
395 1048 401 1054 .
421 1048 428 1054 .
450 1027 549 1053 Sancti
568 1026 673 1061 Angeli
695 1026 844 1051 diaconum
865 1026 1025 1051 cardinales
1046 1025 1092 1057 qui

167 1081 195 1103 te
215 1076 364 1101 visitarent
383 1081 415 1098 ex
435 1075 516 1105 parte
534 1074 631 1096 nostra
653 1073 681 1096 et
697 1078 787 1103 usque
807 1070 841 1094 ad
863 1069 961 1094 vrbem
976 1069 1094 1094 assotia-

168 1124 242 1152 rent,
262 1127 361 1144 verum
380 1116 506 1142 nondum
521 1116 648 1140 misimus
662 1123 710 1140 eos
727 1114 859 1147 quoniam
876 1114 1093 1147 expectabamus

168 1170 232 1191 tuos
249 1166 379 1189 'oratores
403 1169 473 1194 quos
498 1159 652 1193 scripseras
671 1162 708 1189 te,
724 1160 877 1184 missurum
901 1161 934 1183 ut
955 1157 1093 1183 maturius

169 1217 253 1242 super
267 1207 384 1241 agendis
401 1205 550 1230 consulere
568 1207 596 1229 et
611 1204 768 1229 deliberare
786 1211 944 1236 possemus,
965 1202 1011 1234 qui
1030 1210 1094 1226 cum

169 1254 256 1288 pridie
272 1252 306 1277 ad
326 1258 379 1276 nos
402 1250 549 1274 venissent
564 1249 638 1274 inter
652 1250 746 1274 cetera
763 1247 934 1279 retulerunt,
952 1250 1036 1272 tuum
1047 1247 1095 1271 bo-

1156 722 1225 739 num
1246 713 1425 746 propositum
1450 715 1479 737 et
1501 713 1637 745 optimam
1662 713 1696 738 ad
1712 713 1807 738 omnia
1825 713 2086 747 voluntatem-[Ita

1157 766 1211 790 que
1230 766 1305 782 nuuc
1326 758 1486 782 cardinales
1506 755 1559 790 ipsi
1577 757 1632 782 iter
1652 765 1737 782 suum
1756 758 1863 783 sacient
1882 765 1982 783 versus
2006 761 2084 784 tuam

1158 802 1341 828 serenitatem
1361 810 1424 826 cum
1448 808 1501 834 qua
1518 801 1623 826 nostris
1645 801 1740 826 verbis
1760 802 2008 828 communicabunt
2029 811 2084 836 que

1158 854 1209 879 pro
1230 849 1330 870 nostro
1361 849 1389 871 et
1416 848 1465 870 tuo
1487 845 1597 870 honore
1622 846 1696 871 circa
1717 849 1797 871 tuum
1820 846 1974 872 adventum
2000 855 2084 880 quem

1159 892 1263 916 scimus
1283 891 1413 916 futurum
1433 898 1495 915 esse
1516 890 1647 914 omnibus
1668 891 1824 916 salutarem
1844 894 1874 916 et
1890 892 2039 917 introitum
2053 892 2084 918 in

1157 936 1255 960 vrbem
1265 935 1439 968 providenda
1453 936 1481 959 et
1492 934 1602 968 agenda
1613 942 1675 959 esse
1685 934 1844 961 videantur.
1865 935 1924 961 Nos
1933 940 1961 962 te
1972 944 2081 962 summo

1157 989 1221 1005 cum
1241 979 1381 1005 desiderio
1401 982 1538 1012 tanquam
1557 979 1775 1005 devotissimum
1796 981 2083 1014 acceptissimumque

1158 1025 1240 1049 nobis
1260 1024 1350 1048 filium
1371 1025 1564 1056 expectamus.
1726 1023 1730 1025 ’

1228 1068 1333 1093 Datum
1352 1068 1444 1093 Rome
1465 1067 1539 1101 apud
1559 1067 1694 1093 Sanctum
1714 1067 1830 1093 Petrum
1858 1076 1934 1094 anno
1954 1069 2085 1094 incarna—

1159 1113 1244 1138 tionis
1264 1111 1405 1137 dominice
1430 1112 1582 1137 millesimo
1610 1112 1892 1146 quadringentesimo
1912 1113 2086 1148 quinquage-

1159 1158 1231 1182 simo
1250 1158 1342 1190 primo
1363 1158 1442 1182 sexto
1461 1157 1601 1182 kalendas
1617 1156 1774 1189 Februarii,
1793 1157 1976 1190 pontificatus
1995 1158 2086 1184 nostri

1161 1209 1235 1227 anno
1254 1202 1363 1236 quinto.

1664 1254 1710 1280 Jo.
1729 1255 1763 1280 de
1784 1254 2033 1281 Cremonensibus.

286 1413 344 1442 94.
388 1412 487 1447 Papsc
508 1410 662 1439 Nicotaus
684 1409 720 1438 V.
741 1410 809 1446 yibt
830 1410 899 1437 dem
922 1408 962 1437 K.
979 1408 1144 1437 Friedrich
1163 1407 1224 1443 far
1244 1408 1311 1437 siclt
1332 1409 1402 1436 und
1422 1408 1493 1436 100
1514 1408 1683 1438 Personen
1703 1408 1755 1437 die
1778 1408 1892 1456 Qnade
1914 1410 1973 1437 der

393 1463 643 1500 Losspreclzuny
664 1470 726 1491 oon
748 1463 834 1490 allen
855 1463 988 1490 sanderi
1010 1462 1108 1490 durch
1130 1462 1225 1490 einen
1245 1461 1423 1497 yewdldcen
1444 1460 1660 1491 Beiclctvater.

390 1518 500 1555 1452,
523 1516 669 1545 Februar
691 1517 741 1546 11.
764 1517 859 1551 Reqq.
881 1516 942 1545 No.
964 1515 1068 1543 27⁶6.

241 1594 374 1622 Nicolaus
396 1593 546 1626 episcopus
567 1600 669 1617 servus
690 1599 838 1617 servorum
858 1591 911 1616 dei.
941 1589 1095 1615 Carissimo

172 1643 199 1667 in
215 1640 329 1665 Clu-isto
347 1638 406 1662 filio
423 1640 522 1662 nostro
538 1636 692 1661 Frederico
707 1635 770 1669 regi
786 1633 1097 1660 Romanorumillustri

172 1687 294 1711 salutem
311 1686 339 1708 et
357 1681 544 1715 apostolicam
565 1680 803 1705 benedictionem.
830 1678 969 1704 Provenit
995 1686 1026 1703 ex
1049 1681 1098 1703 tue

170 1728 331 1755 devotionis
348 1727 453 1751 affectu
470 1734 525 1758 quo
540 1733 592 1750 nos
610 1727 638 1750 et
649 1725 805 1748 Romanam
821 1723 970 1749 ecclesiam
985 1730 1098 1748 revere-

172 1775 224 1806 ris,
247 1775 280 1798 ut
298 1772 449 1806 petitiones
468 1773 530 1795 tuas
553 1769 616 1794 illas
634 1769 786 1802 presertim
801 1776 854 1801 que
872 1771 918 1793 tue
936 1771 964 1793 et
980 1767 1099 1791 aliorum

170 1822 285 1843 tuorum
300 1816 456 1841 animarum
471 1815 593 1839 salutem
608 1814 767 1846 respiciunt
785 1814 819 1838 ad
834 1812 1020 1838 exauditionis
1033 1818 1099 1844 gra—

174 1864 242 1888 tiam
253 1861 443 1886 admittamus.
464 1858 538 1883 Hinc
555 1860 598 1884 est
615 1858 688 1890 quod
705 1866 758 1883 nos
774 1859 829 1883 tuis
840 1855 1098 1890 supplicationibus

174 1905 304 1932 inclinati
328 1903 380 1928 tibi
399 1905 428 1928 et
448 1906 564 1928 centum
583 1902 714 1934 personis
736 1902 819 1927 etiam
843 1901 991 1933 utriusque
1018 1907 1099 1924 sexus

173 1959 243 1984 quas
269 1950 302 1975 ad
322 1949 375 1973 hoc
401 1948 514 1972 duxeris
540 1947 686 1981 eligendas
704 1946 882 1979 indulgemus
903 1948 936 1970 ut
952 1944 1099 1969 confessor

174 2003 226 2021 seu
242 1995 421 2019 consessores
437 2000 520 2025 quem
538 2000 588 2016 seu
606 1999 677 2023 quos
696 1993 726 2015 tu
745 1998 777 2015 ac
798 1998 919 2024 persone
934 1988 1098 2014 huiusmodi

174 2039 284 2065 duxeris
310 2045 362 2063 seu
384 2037 516 2062 duxerint
539 2035 703 2069 eligendum
734 2042 784 2059 seu
805 2033 952 2068 eligendos
973 2033 1099 2058 omnium

174 2086 356 2117 peccatorum
376 2084 489 2106 tuorum
514 2083 541 2104 et
557 2087 745 2112 personarum
762 2078 922 2103 huiusmodi
945 2077 979 2102 de
997 2077 1098 2109 quibus

175 2128 259 2152 corde
276 2125 416 2151 contritus
436 2132 468 2149 ac
486 2131 609 2157 persone
625 2124 686 2156 ipse
706 2123 828 2147 contrite
843 2125 871 2147 et
887 2129 935 2146 ore
948 2122 1098 2146 consessus

174 2174 204 2196 et
216 2178 339 2204 persone
357 2170 416 2202 ipse
432 2168 562 2193 confesse
580 2169 703 2199 suerint,
725 2167 813 2192 semel
829 2168 939 2191 tantum
956 2166 985 2190 in
1001 2165 1058 2190 vita
1072 2167 1101 2190 et

175 2216 263 2240 semel
277 2216 305 2239 in
317 2214 415 2239 mortis
431 2213 552 2238 articulo
569 2213 683 2245 plenam
698 2210 896 2236 remissionem
917 2210 966 2235 tibi
983 2217 1015 2235 ac
1031 2209 1100 2242 ipsis

175 2260 307 2292 personis
330 2259 358 2283 in
381 2258 547 2283 sinceritate
571 2257 635 2281 fidei
660 2257 769 2280 unitate
787 2258 884 2280 sancte
904 2254 1033 2279 Romane
1054 2261 1100 2278 ec-

178 2303 263 2328 «lesio
282 2311 312 2327 ao,
327 2302 476 2327 devotione
498 2304 527 2326 et
549 2301 708 2326 obedientia
725 2302 823 2325 nostra
840 2300 885 2325 vel
902 2307 1100 2325 successorum

178 2350 339 2372 nostrorum
364 2348 556 2371 Romanorum
581 2345 750 2378 pontificum
775 2345 909 2369 canonice
934 2344 1101 2368 intrantium

179 2391 341 2425 persistenti
360 2398 390 2414 ae
406 2391 535 2422 personis
547 2390 615 2422 ipsis
626 2388 846 2422 persistentibus
856 2388 1024 2413 auctoritate
1036 2395 1102 2420 apo-

179 2435 279 2460 stolica
291 2434 442 2459 concedere
455 2435 548 2459 valeat
559 2442 610 2459 seu
625 2434 747 2459 valeant.
768 2433 813 2458 Sic
824 2435 919 2457 tamen
933 2432 1007 2464 quod
1018 2432 1101 2456 iidem

179 2479 327 2503 consessor
347 2486 395 2502 seu
419 2478 596 2503 consessores
621 2478 654 2503 de
676 2478 731 2509 hijs
750 2478 783 2503 de
799 2478 903 2512 quibus
919 2476 1006 2502 suerit
1020 2475 1101 2501 alteri

177 2522 332 2547 satisfactio
359 2522 546 2554 impendenda
572 2529 633 2546 eam
657 2522 707 2546 tibi
738 2525 766 2547 et
786 2521 916 2554 personis
938 2520 1100 2546 huiusmodi

180 2575 228 2598 per
249 2569 276 2592 te
297 2575 327 2591 ac
344 2573 479 2599 personas
503 2566 577 2598 ipsas
600 2566 623 2590 si
641 2566 828 2599 supervixeris
850 2569 878 2591 et
899 2573 1020 2599 persone
1041 2566 1101 2598 ipse

179 2611 385 2644 supervixerint
410 2610 453 2635 vel
479 2617 529 2642 per
553 2609 671 2635 heredes
697 2613 760 2635 tuos
782 2617 813 2634 ac
836 2617 1024 2642 personarum
1040 2616 1103 2642 pre-

1160 1589 1298 1615 dictarum
1314 1590 1337 1614 si
1352 1591 1421 1614 tunc
1440 1588 1514 1614 forte
1528 1589 1676 1615 transieris
1694 1597 1744 1615 seu
1760 1597 1882 1623 persone
1896 1591 1957 1624 ipse
1967 1591 2088 1617 transie—

1161 1634 1218 1658 rint
1232 1634 1392 1659 faciendam
1405 1634 1536 1668 iniungat
1550 1642 1600 1659 seu
1615 1635 1770 1669 iniungant
1786 1642 1870 1667 quam
1880 1637 1911 1661 tu
1926 1637 1954 1661 et
1967 1643 2090 1668 persone

1162 1678 1324 1703 huiusmodi
1342 1679 1387 1703 vel
1407 1679 1448 1703 illi
1465 1679 1561 1703 facere
1577 1679 1733 1704 teneamini
1749 1686 1800 1704 seu
1815 1681 1968 1704 teneantur
1979 1682 2012 1704 ut
2024 1687 2089 1712 pre—

1163 1723 1270 1754 fertur,
1291 1726 1319 1748 et
1340 1731 1376 1748 ne
1392 1723 1467 1755 quod
1483 1723 1559 1748 absit
1574 1725 1694 1756 propter
1708 1723 1872 1748 huiusmodi
1889 1723 2011 1757 gratiam
2027 1724 2091 1749 red-

1163 1767 1236 1792 daris
1252 1766 1410 1800 proclivior
1433 1775 1483 1792 seu
1506 1774 1627 1800 persone
1649 1767 1709 1800 ipse
1734 1766 1890 1792 reddantur
1903 1759 2090 1800 ¹procliviores

1164 1812 1197 1836 ad
1216 1810 1317 1836 illicita
1335 1812 1523 1844 imposterum
1540 1811 1758 1843 committenda,
1778 1811 1913 1837 volumus
1931 1811 2004 1845 quod
2020 1812 2043 1837 si
2058 1820 2091 1838 ex

1164 1856 1335 1881 confidentia
1353 1856 1528 1881 remissionis
1550 1856 1714 1880 huiusmodi
1737 1856 1828 1888 aliqua
1842 1855 1916 1881 forte
1932 1857 2091 1882 committe-

1162 1908 1208 1925 res
1227 1908 1278 1926 seu
1296 1908 1418 1933 persone
1439 1901 1498 1934 ipse
1524 1901 1750 1932 committerent,
1771 1901 1865 1933 quoad
1892 1899 1941 1926 illa
1961 1901 2091 1934 predicta

1163 1945 1292 1970 remissio
1322 1945 1373 1970 tibi
1401 1953 1433 1969 ac
1462 1945 1593 1978 personis
1617 1945 1685 1977 ipsis
1712 1945 1876 1970 nullatenus
1903 1944 2091 1978 suffragetur,

1164 1989 1294 2022 quodque
1311 1998 1361 2022 per
1378 1998 1468 2014 unum
1485 1997 1591 2014 annum
1608 1997 1622 2014 a
1641 1992 1770 2024 tempore
1786 1997 1841 2022 quo
1857 1997 1976 2022 presens
1992 1991 2091 2015 nostra

1164 2034 1311 2059 concessio
1328 2033 1361 2058 ad
1377 2037 1455 2058 tuam
1473 2036 1501 2058 et
1515 2041 1703 2067 personarum
1718 2034 1872 2059 earundem
1881 2033 2017 2058 noticiam
2027 2041 2090 2066 per-

1163 2078 1276 2103 venerit
1296 2078 1518 2111 computandum
1543 2078 1663 2111 singulis
1685 2078 1770 2103 sextis
1793 2077 1870 2103 feriis
1887 2077 2090 2109 impedimento

1163 2122 1293 2155 legitimo
1314 2125 1445 2147 cessante
1460 2122 1568 2148 ieiunes
1591 2125 1619 2147 et
1640 2130 1761 2156 persone
1776 2123 1836 2154 ipse
1853 2121 1997 2153 ieiunent‚
2016 2120 2091 2154 quod

1165 2166 1186 2191 si
1199 2166 1333 2199 predictis
1352 2166 1432 2191 feriis
1448 2174 1480 2191 ex
1498 2169 1633 2199 precepto
1651 2166 1772 2191 ecclesie
1792 2166 1919 2199 regulari
1937 2165 2090 2191 observan-

1165 2211 1205 2236 tia
1222 2211 1350 2235 iniuncta
1365 2210 1523 2243 penitentia
1540 2214 1607 2235 uoto
1622 2210 1667 2235 vel
1683 2210 1753 2234 alias
1771 2209 1896 2234 ieiunare
1913 2209 2038 2235 tenearis
2057 2216 2089 2233 ac

1164 2262 1286 2288 persone
1308 2255 1369 2288 ipse
1385 2257 1538 2280 teneantur
1556 2262 1612 2279 una
1629 2254 1683 2278 alia
1700 2253 1743 2278 die
1760 2253 1940 2287 singularum
1956 2253 2090 2286 septima-

1164 2307 1265 2324 narum
1283 2299 1409 2324 eiusdem
1433 2299 1500 2324 anni
1524 2306 1578 2331 qua
1604 2297 1639 2322 ad
1663 2297 1844 2322 ieiunandum
1864 2300 1897 2322 ut
1915 2297 2091 2330 premittitur

1165 2351 1224 2368 non
1240 2343 1276 2368 sis
1293 2343 1424 2368 astrictus
1443 2352 1474 2368 ac
1488 2350 1609 2376 persone
1626 2342 1686 2374 ipse
1703 2349 1761 2366 non
1775 2342 1832 2366 sint
1848 2340 1965 2366 astricte
1981 2341 2090 2367 ieiunes

1166 2396 1197 2413 ac
1219 2388 1279 2420 ipse
1302 2387 1445 2419 ieiunent,
1465 2387 1487 2412 si
1509 2394 1576 2412 vero
1599 2387 1627 2411 in
1650 2386 1723 2411 dicto
1747 2393 1821 2410 anno
1844 2385 1889 2410 vel
1913 2385 2006 2417 eliqua
2029 2386 2090 2411 eius

1163 2435 1244 2465 parte
1263 2439 1341 2456 esses
1363 2432 1495 2464 legin-me
1509 2430 1661 2464 impeditus
1677 2437 1707 2454 ae
1722 2437 1843 2462 persone
1861 2430 1922 2462 ipse
1938 2431 2035 2455 essent
2049 2429 2092 2455 le<

1165 2477 1262 2511 gitiiue
1278 2476 1411 2508 impedite
1429 2483 1504 2500 anno
1524 2474 1653 2507 sequenti
1669 2474 1717 2499 vel
1731 2473 1800 2498 alias
1817 2473 2026 2506 quamprimum
2038 2481 2091 2506 po—

1164 2520 1233 2546 teris
1248 2528 1297 2545 seu
1314 2528 1436 2552 persone
1456 2519 1517 2552 ipse
1535 2519 1663 2551 poterint
1679 2517 1762 2543 modo
1784 2517 1867 2542 simili
1887 2517 2022 2550 supplere
2038 2517 2091 2542 hu-

1164 2564 1284 2590 iusmodi
1295 2564 1431 2589 ieiunium
1447 2563 1569 2589 tenearis
1580 2570 1610 2588 ac
1621 2569 1741 2595 persone
1753 2562 1811 2594 ipse
1822 2563 1984 2586 teneantur.
2001 2560 2089 2586 Porro

1165 2609 1188 2635 si
1208 2609 1305 2635 forsan
1323 2608 1394 2633 alias
1416 2607 1588 2641 prelibatum
1607 2606 1744 2632 ieiunium
1767 2606 1796 2631 in
1816 2607 1876 2631 toto
1895 2605 1942 2631 vel
1962 2606 1991 2631 in
2009 2607 2090 2639 parte
