2235 2859
532 120 744 178 Anhang.
776 121 839 163 Κ.
871 120 1122 163 Friedrich
1151 121 1241 164 IV.
1273 133 1383 175 1442,
1407 135 1541 180 August
1568 135 1601 168 4.

1887 140 2041 174 xxxin

206 293 262 320 20.
286 291 326 319 K.
349 291 532 318 Friedrichs
555 289 770 324 Schirmbrief'
787 289 846 324 fiir
868 291 918 317 die
942 291 1090 318 Co‘llner-
1106 291 1315 320 Universitdt.
1340 292 1443 329 1442,
1470 293 1503 321 4.
1528 291 1662 330 Auqusl.
1686 297 1779 331 Reyq.
1802 295 1861 326 No.
1889 298 1962 324 928.

195 353 355 378 Fridericus
377 353 419 377 dei
442 353 534 386 gratia
558 355 610 377 etc.
636 352 668 377 ad
692 353 860 384 perpetuam
879 353 916 376 rei
942 361 1046 377 memo-
1077 350 1079 358 '

127 399 204 423 riam.
224 397 329 423 Notum
351 397 467 421 facimus
487 400 586 422 tenore
606 397 780 429 presentium
801 397 949 421 vniuersis.
972 397 1046 428 Qiiia

126 451 176 475 per
192 442 339 467 literarum
357 443 449 467 studia
464 442 514 466 viri
526 441 691 465 efficiuntur
707 441 831 465 moribus
850 450 881 465 ac
899 442 1045 466 literarum

126 488 225 512 studiis
240 487 390 518 (scientiis)
405 487 505 519 quibus
515 493 615 517 equum
626 483 660 509 ab
676 485 770 516 iniquo
789 485 952 510 decernitur
966 485 1045 509 iusti-

123 532 162 557 tia
176 533 234 556 tam
253 531 363 563 publica
380 539 465 565 quam
482 530 590 561 privata
606 529 711 553 colitur
726 530 827 553 eruditi
851 531 986 554 convenit
1001 537 1045 553 rc·-

122 576 199 609 giam
216 575 392 600 maiestatem
415 576 540 598 nostram
564 581 596 598 exi
620 572 714 597 officio
738 574 831 598 divina
852 574 1040 605 dispositione

120 620 203 645 nobis
225 619 405 644 incumbente
430 625 567 650 personas
587 617 621 642 ad
639 617 700 641 luca
717 618 762 642 ubi
782 618 873 642 studia
897 618 1040 642 literarum

121 664 283 689 huiusmodi
301 664 399 696 vigent
413 662 557 696 generalia
571 670 623 694 pro
635 662 818 686 scientiarum
831 663 897 686 inibi
909 662 1042 686 haurien—

121 709 163 733 dis
178 708 342 741 margaritis
356 715 407 739 pro
422 708 549 738 tempore
563 705 737 730 declinantes
756 709 788 730 nt
798 706 914 730 semotis
925 706 1041 740 quihus-

97 773 100 777 .
121 753 164 778 vis
187 752 294 776 illicitis
318 750 526 783 impedimentis
552 757 633 774 suum
659 749 799 775 laudabile
822 750 937 775 valeant
956 751 1042 774 adim-

120 797 198 830 plere
215 795 343 821 studendi
369 794 546 828 propositum
573 794 678 826 optime
697 794 872 818 defensionis
890 795 992 819 auxilio
1010 802 1041 819 ac

120 841 205 874 regiis
222 837 365 864 favoribus
384 839 547 871 prevenire,
564 838 629 862 hinc
650 841 692 862 est
712 839 785 872 quod
810 847 862 863 nos
888 839 1040 863 honorabi-

121 883 189 909 lium
220 881 339 908 rectoris
370 886 585 914 ceterorumque
617 883 819 915 mag-istrorum
844 885 871 907 et
895 883 1040 907 doctorum

120 928 293 959 aliorumque
318 926 469 950 scolarium
492 929 520 951 et
543 928 754 959 suppositorum
772 927 965 951 vniuersitatis
983 930 1041 951 stu-

119 970 344 997 diiColoniensis
365 970 394 994 in
413 977 443 994 ea
460 973 539 1002 parte
557 970 732 1002 supplicibus
753 978 784 995 ac
803 971 883 994 iustis
902 973 929 995 et
953 971 1039 995 hone-

120 1015 170 1040 stis
186 1015 317 1047 precibus
335 1014 462 1040 inclinati
480 1014 631 1046 itidemque
650 1013 706 1044 juri
722 1015 866 1039 conforme
884 1022 914 1038 ac
938 1015 1040 1039 rationi

118 1067 273 1084 consonum
296 1059 355 1084 sore
380 1058 594 1083 consentientes
619 1066 717 1083 omnes
743 1061 771 1083 et
794 1059 922 1091 singulos
947 1059 1040 1083 cuius-

120 1111 233 1138 cunque
254 1103 375 1128 nationis
393 1107 420 1128 et
443 1103 632 1134 undecunque
651 1102 762 1126 oriundi
783 1103 926 1127 extiterint
943 1103 988 1134 qui
1008 1111 1039 1127 ex

117 1155 193 1173 nunc
210 1148 238 1172 in
252 1150 335 1172 antea
353 1147 437 1171 causa
452 1147 536 1171 studii
551 1147 652 1171 dictam
664 1146 879 1171 universitatem
896 1147 1039 1171 vndecun-

119 1200 173 1225 que
190 1193 217 1216 et
233 1199 401 1223 quacunque
416 1198 468 1223 per
489 1193 593 1215 terram
613 1198 662 1214 seu
681 1198 767 1222 aquas
785 1191 958 1215 accesserint
976 1199 1039 1214 cum

118 1236 247 1261 omnibus
259 1236 342 1260 rebus
353 1233 434 1258 bonis
453 1236 480 1259 et
497 1234 601 1259 familia
618 1234 669 1258 sub
686 1235 861 1265 protectione
880 1235 1038 1259 ettuitione

117 1282 214 1304 nostra
235 1278 326 1311 regali
349 1277 516 1310 suscipimus
539 1277 577 1302 ita
600 1277 671 1309 quod
687 1278 738 1309 ipsi
756 1279 944 1311 quarumlibet
959 1278 1039 1303 diffe—

117 1323 273 1348 rentiarum
290 1322 347 1346 sive
365 1321 564 1346 discordiarum
581 1322 656 1346 inter
670 1329 854 1355 quoscunque
868 1322 963 1346 forsan
980 1331 1038 1346 mo-

116 1371 210 1392 tarum
228 1367 285 1390 sive
304 1366 505 1390 movendarum
530 1365 677 1389 occasione
694 1372 871 1396 nequaquam
889 1366 921 1390 ab
939 1366 1037 1390 huius<

117 1409 192 1435 modi
217 1418 313 1435 eorum
331 1409 476 1441 proposito
501 1411 528 1433 et
553 1409 651 1433 itinere
682 1409 810 1440 impediri
831 1409 893 1441 capi
918 1410 1036 1434 detineri

116 1462 166 1479 seu
191 1454 260 1478 alias
283 1453 495 1488 quomodolibet
518 1451 651 1477 arrestari
677 1460 725 1476 seu
752 1453 899 1478 molestari
915 1454 1037 1479 debeant

115 1498 174 1522 sive
190 1498 302 1530 possint
317 1497 447 1531 quodque
466 1496 548 1521 iidem
569 1496 734 1521 accedentes
750 1497 783 1521 ab
801 1497 876 1522 omni
894 1506 967 1529 pena
985 1506 1035 1523 seu

114 1542 278 1567 executione
293 1541 378 1566 banni
392 1542 420 1565 et
435 1540 638 1565 sententiarum
649 1540 790 1573 regalium
810 1542 1035 1574 etimperialium

113 1588 211 1610 contra
244 1592 437 1620 quascumque
467 1585 567 1618 quavis
592 1584 740 1608 occasione
763 1585 808 1609 vel
832 1593 915 1610 causa
938 1586 1033 1611 forsan

112 1629 234 1654 latarum
256 1637 308 1654 nec
327 1637 384 1653 non
402 1629 434 1652 ab
458 1628 534 1653 omni
552 1628 693 1652 solutione
716 1628 828 1661 pedagii
845 1629 964 1654 thelonii
984 1639 1034 1655 seu

111 1673 234 1698 cuiusvis
250 1673 326 1698 tallie
343 1672 523 1705 impositione
540 1675 588 1696 ant
617 1672 772 1696 exactionis
790 1680 897 1704 genere
917 1682 1032 1705 prorsus

111 1718 169 1742 sint
184 1717 304 1750 exempti
328 1724 381 1741 nec
401 1716 494 1741 valeat
513 1715 625 1740 illorum
648 1717 779 1747 pretextu
803 1716 831 1740 in
848 1716 928 1741 bonis
949 1718 1032 1742 rebus

110 1768 141 1785 ac
159 1761 265 1785 familia
282 1760 400 1794 pret'atis
419 1759 630 1792 quomodolibet
651 1759 748 1791 impeti
766 1767 815 1784 scu
837 1761 921 1784 etiam
944 1762 1031 1785 mole-

111 1806 178 1829 stari
202 1812 260 1829 non
281 1804 458 1828 obstantibus
482 1803 639 1835 privilegiis
670 1804 783 1827 statutis
808 1804 1031 1830 ordinationibus

111 1848 243 1880 capitulis
259 1847 514 1871 consuetudinibus
527 1847 704 1871 libertatibus
726 1848 906 1880 reprcssaliis
924 1857 972 1873 seu
991 1848 1032 1874 in-

110 1892 356 1926 pignorationibus
384 1891 529 1923 quibusvis
556 1891 749 1923 cuiuscunque
775 1892 917 1924 provincie
941 1893 1031 1925 patrie

129 2011 179 2039 21.
203 2011 242 2038 K.
259 2009 444 2038 Primo-icles
467 2008 685 2045 Spruclzbrz‘ef'
701 2009 801 2037 wider
824 2011 875 2038 die
899 2011 1027 2047 G'rafcn

201 2063 294 2096 Reyy.
319 2063 376 2090 No.
404 2063 478 2091 937.

174 2124 238 2150 Wir
255 2123 403 2148 Fridreich
417 2127 469 2148 etc.
484 2124 635 2149 bekennen
649 2126 702 2149 etc.
717 2125 766 2150 das
777 2125 839 2150 suff
853 2126 908 2151 den
920 2128 1027 2160 nagstn

106 2168 244 2199 dom-stag
258 2168 331 2192 nach
350 2167 419 2192 sand
435 2167 588 2201 Peterstag
603 2169 636 2192 ad
652 2168 764 2193 vincula
788 2170 834 2194 l'ur
848 2170 903 2195 den
921 2171 1026 2204 wolge-

104 2212 192 2236 boren
207 2212 391 2237 VVilhalmen.
408 2219 601 2245 marggrauen
616 2221 671 2238 von
689 2212 827 2248 Hohberg
842 2217 893 2239 etc.
909 2222 1025 2239 vnserm

102 2258 162 2285 rat,
178 2255 232 2280 den
249 2256 297 2279 wir
323 2256 349 2280 in
373 2255 450 2280 disen
469 2256 524 2279 vnd
544 2257 653 2281 andern
676 2257 796 2287 sachen‚
820 2267 850 2282 so
869 2259 915 2283 fiir
931 2267 982 2283 vns
998 2259 1025 2283 in

104 2307 214 2324 vuserm
233 2299 424 2332 kuniglichen
441 2299 507 2324 host·
524 2300 639 2331 haugen
654 2308 690 2324 on
700 2309 785 2326 vnser
801 2304 857 2326 stat
874 2310 909 2326 zu
919 2302 1028 2327 richter

103 2345 220 2377 geseczt
241 2343 348 2370 baben,
369 2344 409 2367 als
427 2351 457 2367 er
477 2344 528 2368 mit
550 2345 656 2368 andern
673 2352 778 2370 vnsern
802 2346 910 2373 siirstn,
934 2347 1024 2377 edeln⁵

104 2389 240 2419 strengen
258 2389 354 2410 vesten
370 2387 423 2411 vnd
448 2387 541 2412 lichen
558 2391 703 2420 getrewen
721 2390 942 2422 vrteilsprecher
958 2390 1025 2422 hye-

103 2430 176 2454 nach
193 2433 308 2464 gestern
326 2438 359 2455 zu
379 2431 491 2462 gericht
509 2439 646 2464 gese—*sen
672 2433 707 2456 ist
725 2432 774 2457 des
797 2434 1024 2466 hochgebornen

103 2473 251 2507 Ludweigs
272 2475 320 2498 des
338 2475 445 2503 eltern,
469 2476 727 2510 psallenczgrauen
745 2477 800 2509 bey
825 2477 939 2510 Reyne,
960 2478 1024 2502 her-

100 2525 177 2549 czog
192 2516 221 2542 iu
239 2517 351 2550 chren
376 2519 430 2542 vnd
448 2527 558 2551 grauen
578 2528 613 2544 zu
637 2519 761 2545 Mortani
784 2528 884 2546 vnsers
913 2522 1024 2547 oheims

103 2561 159 2585 vnd
175 2561 329 2586 sfirstlichn
349 2563 548 2588 machtbotten
569 2571 624 2588 von
642 2564 703 2588 sein
726 2564 800 2589 selbs
820 2565 875 2589 vnd
900 2566 950 2590 der
971 2567 1023 2591 seis

101 2613 156 2630 nen
173 2603 403 2640 vonLanguigen
416 2614 517 2641 wegen
531 2607 582 2633 mit
599 2608 706 2633 vollem
720 2608 905 2634 verschriben
919 2611 1025 2643 gewalt

1111 353 1232 378 civitatis
1256 362 1425 386 quacunque
1450 356 1618 381 auctoritate
1644 358 1728 382 etiam
1761 359 1898 391 imperiali
1928 361 2039 385 vallatis

1110 400 1158 421 aut
1174 398 1243 422 alias
1261 399 1396 422 emanatis
1415 401 1442 423 et
1458 399 1600 425 roboratis
1617 402 1699 426 etiam
1718 403 1740 426 si
1756 403 1788 426 dc
1805 403 1859 433 hijs
1878 408 1952 428 esset
1970 404 2037 428 :few

1108 441 1141 465 da
1160 443 1187 466 111
1205 441 1364 466 huiusmodi
1383 443 1492 467 indulto
1513 446 1618 468 montio
1637 446 1775 477 specialis,
1794 446 1871 471 Nulli
1893 456 1963 481 ergo
1981 458 2038 472 om-

1107 486 1173 509 nino
1196 486 1343 511 hominum
1368 487 1449 512 liceat
1469 488 1542 512 hanc
1561 489 1693 520 paginam
1714 493 1876 515 nostrarum
1896 493 1988 523 gratie
2009 496 2037 517 ct

1107 531 1300 555 concessionis
1325 531 1483 563 infringere
1509 535 1556 556 aut
1588 534 1611 557 ei
1647 535 1746 565 quovis
1779 542 1848 559 ausu
1884 537 2036 561 temerario

1107 574 1258 603 contraire,
1282 575 1303 598 si
1321 576 1381 607 quis
1400 578 1492 600 autem
1509 578 1681 601 contrarium
1702 581 1873 610 attemptare
1891 588 2038 613 presump-

1108 619 1178 641 serit
1201 626 1302 650 penam
1326 620 1469 651 sexaginta
1495 629 1651 645 marcarum
1675 622 1732 645 auri
1756 622 1818 655 puri
1844 625 1947 648 totiens
1967 633 2033 656 quo-

1106 662 1178 686 tiens
1201 664 1407 688 contrafactum
1446 664 1530 689 tuerit
1555 674 1584 690 se
1616 666 1726 690 noverit
1750 667 1930 692 incursurum
1955 670 2034 693 cuius

1102 713 1173 737 pene
1190 706 1368 732 medietatem
1392 711 1489 732 nostro
1511 710 1590 740 reg-io
1608 709 1675 734 fiseo
1703 710 1785 735 aliam
1806 719 1871 735 vern
1899 713 2031 737 mediet&

1102 752 1159 774 tem
1176 752 1288 785 prefate
1314 752 1491 777 vniversitati
1509 753 1672 778 Coloniensi
1692 754 1927 780 irremissibiliter
1944 757 2019 788 appli

1102 795 1212 819 candes.
1229 795 1314 819 Cuius
1331 797 1443 827 quidem
1460 805 1531 828 pene
1548 799 1723 822 exactionem
1740 802 1768 823 et
1782 800 1922 831 presentis
1940 802 2031 825 nostri

1105 837 1207 863 indulti
1233 841 1425 865 executionem
1452 851 1515 866 cum
1538 842 1690 874 plurimum
1713 851 1765 867 nos
1785 851 1836 867 nos
1861 844 1889 868 in
1914 844 2033 869 remotis

1105 891 1190 915 agere
1208 883 1356 916 contingat
1374 886 1528 909 venerabili
1546 886 1758 919 archiepiscopo
1777 887 1940 912 Coloniensi
1960 890 2032 913 sacri

1104 928 1223 951 Romani
1247 929 1357 960 imperii
1383 937 1434 960 per
1451 929 1559 953 Italiam
1576 931 1826 955 archicancellario
1849 940 1900 956 nec
1918 941 1974 957 non
1994 934 2027 958 il-

1105 971 1241 996 lustribus
1260 972 1430 997 Rrahantiae
1446 973 1602 998 Juliacensi
1620 974 1744 998 Clivensi
1756 975 1892 1000 Gelrensi
1911 979 1938 1001 et
1953 976 2035 1002 Mon<

1105 1016 1177 1039 tensi
1199 1016 1315 1040 ducibus
1333 1017 1508 1048 principibus
1531 1020 1559 1042 et
1585 1019 1811 1049 consanguineis
1828 1021 1932 1044 nostris
1948 1022 2033 1046 caris-

1105 1058 1181 1084 simis
1197 1063 1335 1084 eteorum
1353 1061 1466 1085 cuilibet
1483 1062 1657 1086 coniunctim
1677 1065 1706 1086 et
1729 1063 1838 1088 divisim
1856 1066 2034 1090 committen-

1104 1105 1165 1128 dam
1182 1104 1311 1129 duximus
1330 1107 1358 1128 et
1382 1106 1581 1130 committimus
1599 1114 1650 1138 per
1673 1110 1821 1138 presentes
1834 1128 1839 1135 ,
1857 1110 2027 1135 mandantes

1103 1148 1209 1172 eisdem
1227 1151 1256 1172 ut
1274 1149 1524 1181 quocienscunque
1538 1158 1589 1181 per
1607 1151 1707 1175 dictam
1727 1151 1847 1184 desuper
1863 1154 2032 1179 univ-arsita*

1103 1194 1161 1215 tem
1187 1194 1235 1216 aut
1261 1193 1320 1216 eius
1342 1193 1457 1217 nomine
1477 1194 1605 1227 requisiti
1634 1194 1739 1219 fuerint
1765 1198 1812 1220 aut
1839 1197 1912 1221 alter
1936 1206 2034 1223 eorum

1102 1236 1189 1260 fucrit
1210 1237 1363 1267 requisitus
1386 1237 1510 1262 efficacis
1535 1239 1651 1270 pres'dii
1669 1238 1772 1264 aux-ilio
1788 1242 1957 1266 assistentes
1975 1251 2033 1266 non

1100 1281 1268 1311 permittant
1279 1281 1401 1312 aliquem
1417 1285 1514 1306 contra
1524 1283 1679 1314 predictam
1695 1285 1909 1310 concessionem
1920 1289 1947 1310 et
1958 1295 2025 1319 gra-

1101 1324 1168 1347 tiam
1184 1327 1311 1348 nostram
1328 1332 1341 1349 a
1359 1325 1572 1358 quibuscunque
1597 1328 1791 1359 cuiuscunque
1811 1332 1902 1353 status
1921 1331 2028 1363 gradus

1103 1370 1131 1391 et
1145 1368 1313 1392 conditionis
1333 1369 1440 1393 suerint
1456 1370 1549 1394 vexari
1567 1371 1713 1395 molestari
1736 1374 1784 1396 aut
1807 1373 1874 1397 alias
1898 1374 2034 1404 injuriam

1099 1411 1225 1442 irrogare
1249 1412 1295 1436 sed
1313 1414 1403 1445 magis
1421 1414 1588 1444 injuriantes
1606 1414 1769 1439 huiusmodi
1794 1420 1858 1448 post
1877 1419 2029 1443 terminum

1101 1458 1309 1487 competentem
1327 1457 1384 1480 illis
1400 1458 1598 1490 prefigendum
1611 1459 1637 1483 in
1653 1467 1740 1490 penas
1756 1460 1801 1484 hic
1820 1465 1969 1486 contentas
1990 1464 2026 1487 int

1099 1499 1199 1523 cidisse
1215 1500 1357 1524 declarare
1373 1503 1399 1525 et
1416 1502 1529 1526 eosdem
1547 1510 1597 1534 per
1614 1504 1774 1534 captionem
1791 1507 1819 1529 et
1835 1506 2029 1531 detentionem

1098 1544 1275 1575 personalem
1291 1547 1319 1568 et
1337 1544 1515 1569 subditorum
1536 1547 1693 1571 eorundem
1714 1555 1745 1571 ac
1763 1549 1851 1572 eciam
1870 1550 2028 1575 distractio>

1098 1595 1162 1612 nem
1185 1588 1382 1612 alienationem
1405 1597 1499 1614 rerum
1525 1592 1554 1614 et
1578 1591 1719 1615 bonorum
1740 1601 1857 1616 suorum
1883 1595 2029 1620 mobilium

1097 1634 1126 1655 et
1145 1631 1333 1656 immobilium
1360 1641 1592 1666 quorumcunque
1620 1636 1740 1661 seculari
1766 1644 1816 1660 suo
1836 1637 1949 1661 brachio
1971 1647 2026 1663 me-

1097 1675 1189 1699 diante
1206 1676 1377 1707 compellere
1397 1685 1501 1707 cogere
1526 1680 1553 1702 et
1572 1682 1711 1710 quantum
1734 1680 1762 1703 in
1782 1680 1821 1703 eis
1841 1681 1895 1705 erit
1913 1682 1975 1713 cogi
1996 1686 2024 1707 et

1097 1719 1228 1751 compelli
1252 1719 1357 1744 faciant
1380 1722 1407 1744 et
1423 1721 1555 1746 studeant
1573 1726 1658 1754 prout
1680 1725 1875 1749 necessarium
1894 1726 1978 1750 fucrit
1998 1731 2027 1751 et

1099 1763 1309 1794 quomodolibet
1320 1766 1502 1795 oportunum,
1518 1767 1695 1798 presentium
1711 1768 1762 1791 sub
1780 1771 1877 1794 nostre
1896 1769 2026 1800 majestas

1096 1806 1133 1831 tis
1150 1805 1237 1838 sigilli
1256 1807 1419 1831 testimonio
1440 1808 1596 1834 literarum.

1165 1850 1271 1875 Datum
1288 1851 1491 1877 Franckt'ordie
1506 1853 1550 1878 die
1566 1856 1667 1886 quarta
1682 1855 1788 1880 mensis
1807 1858 1922 1890 augusti
1943 1866 2020 1883 anno

1098 1893 1205 1919 domini
1223 1894 1281 1925 xlij.

1047 2012 1179 2040 Jolzatm
1202 2015 1271 2041 und
1295 2015 1405 2044 Ulrz'ch
1428 2023 1490 2043 von
1516 2015 1694 2052 Oetlfnqen.
1719 2018 1824 2049 1442.
1849 2018 2025 2055 anaqam.

1092 2127 1139 2152 des
1156 2137 1220 2154 zum
1235 2130 1339 2155 rechtn
1357 2139 1439 2164 ι1111111,1
1455 2138 1509 2155 was
1526 2132 1583 2156 vnd
1606 2133 1727 2165 begertn
1751 2133 1839 2157 durch
1857 2134 1918 2158 iren
1935 2142 2020 2168 ange*

1091 2172 1195 2205 dingtn
1213 2174 1402 2206 fursprechen
1420 2176 1442 2199 si
1462 2183 1496 2200 zu
1515 2176 1656 2204 uerhovn,
1677 2184 1706 2200 so
1725 2177 1812 2200 woltn
1830 2176 1851 2200 si
1869 2178 1917 2201 dos
1937 2179 2020 2203 selbn

1093 2225 1192 2241 vnsers
1208 2218 1318 2242 oheims
1335 2219 1389 2243 vnd
1407 2220 1503 2243 surstn
1521 2220 1586 2252 clag
1607 2219 1693 2244 wider
1709 2221 1752 2244 die
1770 2221 1835 2245 cdln
1851 2221 2020 2247 Johnnnsen

1091 2261 1145 2285 vnd
1163 2262 1260 2286 Vlrich
1275 2263 1439 2295 ¹[gebrudern
1454 2271 1561 2295 grauen
1578 2271 1613 2287 zu
1635 2263 1776 2296 Ottingcn
1794 2264 1943 2290 fui-nemen
1964 2267 2019 2290 vnd

1092 2305 1234 2335 erzellen⁷
1267 2305 1389 2330 (1311111111-
1423 2307 1472 2331 der
1505 2310 1664 2339 vorgcnant
1696 2308 1828 2333 Johanns
1870 2318 1958 2341 graue
1988 2319 2023 2335 zu

1091 2348 1229 2382 Ottingon
1247 2357 1303 2373 von
1321 2350 1381 2374 scin
1401 2350 1475 2374 selbs
1494 2351 1550 2375 vnd
1576 2351 1624 2375 des
1641 2355 1843 2385 vorgenanten
1861 2354 1938 2378 seins
1956 2355 2017 2379 bru»

1092 2392 1155 2416 ders
1172 2400 1272 2426 wcgen
1297 2393 1388 2417 durch
1418 2394 1518 2418 seincn
1542 2394 1669 2428 furlcger
1696 2397 1901 2422 ausscrhalben
1921 2398 2021 2422 recbtn

1091 2436 1148 2460 vnd
1166 2437 1213 2460 das
1235 2444 1265 2460 er
1287 2437 1348 2460 sich
1367 2445 1402 2461 zu
1422 2437 1504 2462 recht
1524 2437 1566 2462 nit
1589 2439 1707 2471 bcdingt
1729 2440 1780 2464 mit
1803 2445 1944 2465 auswortn
1959 2443 2022 2467 redt

1091 2480 1145 2503 vnd
1167 2480 1264 2506 maintv
1283 2480 1331 2504 das
1348 2488 1378 2504 el·
1396 2482 1472 2505 noch
1489 2482 1549 2506 sein
1569 2483 1674 2507 hruder
1690 2483 1768 2507 nicht
1783 2484 1916 2517 schuldig
1933 2493 2018 2512 warn,

1090 2524 1216 2555 herczog
1232 2523 1406 2557 Lndwcigen
1429 2529 1590 2557 vorgenant
1614 2528 1708 2551 seiner
1731 2528 1795 2560 cleg
1815 2537 1879 2552 zum
1902 2530 2022 2555 rechten

1091 2575 1126 2591 zu
1144 2569 1302 2594 antwurtn,
1322 2575 1350 2591 es
1369 2576 1440 2592 ware
1456 2569 1555 2600 denne,
1572 2571 1621 2595 das
1638 2571 1698 2595 sein
1714 2571 1911 2597 machtbotten
1926 2575 2023 2605 gebalt

1090 2611 1172 2636 hettu
1189 2612 1216 2635 in
1234 2611 1294 2636 eins
1304 2610 1495 2638 widem-eelim
1508 2622 1544 2639 zu
1561 2614 1757 2644 sein‚darauss'
1769 2615 1812 2639 die
1832 2617 2019 2650 vorhenompff

1809 2662 1833 2691 E
