2235 2859
415 129 627 186 Anhang.
654 127 817 185 Konig
835 125 1084 170 Friedrich
1102 125 1191 168 IV.
1224 137 1349 178 1415,
1373 139 1577 183 september
1606 140 1664 173 16.

1866 143 1995 176 Lxxv

75 219 1985 247 m

278 300 333 328 58.
359 296 558 332 Geleicbrief'
573 296 632 331 far
657 296 811 324 Nicotaus
834 301 895 322 von
922 293 1043 328 lVyIak.

163 375 321 401 Fridericus
349 374 394 399 dei
422 374 514 407 gratia
534 372 728 397 Romanorum
748 377 797 395 rex
817 372 868 394 etc.
895 367 1000 393 Notum

78 422 194 447 facimus
218 423 316 445 tenore
342 419 517 452 presentium
543 415 701 445 universis,
720 415 795 446 quod
820 422 872 438 nos
892 412 1000 445 magni-

78 465 130 490 fico
156 465 237 489 nobis
261 465 371 488 sineere
396 461 500 486 dilecto
523 460 642 485 Nicolao
671 459 703 484 de
729 459 833 490 Wylak
858 457 1001 490 ss'ayuode

82 506 559 536 TranssilvanensiSiculorumque
578 506 606 528 et
617 502 814 528 Themesiensi
832 502 925 526 comiti
942 509 1002 525 ora-

78 555 133 579 tori
165 557 193 578 et
220 551 398 577 amhasiatori
430 547 622 574 universitatis
652 547 826 579 prelatorum
862 546 1000 570 baronum

81 602 110 623 et
129 597 337 631 regnicolarum
358 593 438 628 regni
459 592 608 625 Hungarie
630 591 663 615 ad
688 598 739 614 nos
760 599 811 623 pro
835 590 1003 614 tractatibus

80 641 249 668 necessariis
275 642 303 665 et
324 639 426 663 mutuis
445 636 591 668 colloquiis
612 634 783 659 inclitissimi
800 634 939 667 principis
955 641 1000 666 pa‹

80 687 181 712 truelis
204 685 294 710 nostri
310 682 446 708 carissimi
465 680 586 705 Ladislai
602 680 679 710 regis
697 679 809 710 jamfati
824 679 905 712 regni
923 678 1003 702 Hun-

80 730 160 765 garie
181 729 317 754 iustitiam
345 726 517 760 negotiaque
539 724 619 757 regni
639 723 882 748 concernentibus
908 722 1002 746 nobis-

80 783 142 799 cum
159 771 363 807 pertractandis
379 773 406 795 et
426 769 561 794 faciendis
581 769 609 792 in
627 768 700 792 hanc
717 770 844 792 nostram
860 767 1002 792 civitatem

81 818 283 843 Wiennensem
299 814 423 840 venienti
439 821 453 838 a
469 813 684 847 quadringentis
704 812 846 844 equitibus
863 815 890 836 et
906 820 1004 844 perso-

80 863 124 887 nis
141 862 174 886 ad
189 861 409 894 quingentorum
426 858 550 889 equitum
574 859 601 881 et
618 856 734 881 totidem
751 864 937 888 personarum
954 864 1004 880 nu-

80 914 188 932 merum
204 906 348 937 presentes
368 903 478 927 litteras
496 905 609 926 nostras
628 901 860 925 salviconduetus
876 903 904 925 et
917 901 1003 925 totius

80 949 238 976 securitatis
260 947 356 972 damus
377 946 557 971 concedimus
580 948 608 970 et
626 945 844 970 transmittimus
866 953 917 977 per
934 953 1002 977 quas

80 994 223 1029 prefatum
240 990 387 1015 Nicolaum
404 990 597 1023 Wayuodam,
628 990 814 1021 hominesque
838 997 934 1013 secum
956 989 1004 1013 ad-

83 1036 224 1063 ducendos
252 1038 300 1059 aut
323 1034 476 1059 mittendos
505 1034 712 1066 cuiuscumque
741 1036 832 1058 status
858 1034 1004 1068 dignitatis

82 1080 219 1116 linguagii
236 1082 263 1104 et
277 1079 400 1103 nationis
417 1079 546 1108 existant,
567 1085 656 1109 usque
676 1078 707 1102 ad
724 1085 874 1102 numerum
894 1082 1003 1110 pretae-

78 1128 138 1151 tum
156 1133 170 1149 a
187 1124 251 1149 data
267 1123 451 1156 presentium,
471 1130 559 1154 usque
578 1122 609 1146 ad
630 1122 735 1146 festum
749 1122 874 1146 omnium
892 1125 1004 1146 sancto-

78 1178 142 1195 rum
164 1168 288 1201 proxime
312 1167 439 1191 futurum
462 1166 511 1190 suh
538 1166 591 1190 fide
616 1169 722 1191 nostra:
741 1166 896 1190 christiana
922 1168 950 1190 et
975 1166 1004 1190 in

80 1215 168 1239 verbo
183 1211 280 1246 regio,
300 1219 331 1235 ac
348 1211 457 1235 honore
481 1214 509 1235 et
523 1210 660 1244 dignitate
680 1210 785 1234 nostris
801 1210 1003 1241 temporalibus

81 1257 236 1289 fraudeque
260 1259 287 1280 et
303 1256 367 1279 dolo
387 1253 506 1279 seclusis
524 1254 670 1278 alfidamus
687 1261 883 1278 assecuramus
899 1254 1003 1278 certifi-

80 1309 175 1329 eamus
196 1304 223 1325 et
238 1299 368 1324 indubios
384 1299 509 1328 facimus,
526 1301 666 1330 quatenus
692 1298 749 1329 ipse
765 1296 898 1321 Nicolaus
917 1298 1000 1330 Way-

80 1346 154 1371 uoda
176 1353 239 1369 cum
263 1343 338 1367 omni
362 1351 412 1367 sua
436 1343 566 1367 comitiva
592 1344 619 1367 et
644 1342 749 1366 familia
773 1342 817 1366 vel
841 1342 883 1366 sui
900 1342 932 1366 ad
948 1350 999 1366 nos

79 1388 208 1414 mittendi
225 1387 377 1412 familiares
394 1394 482 1418 usque
505 1386 538 1411 ad
560 1386 712 1410 terminum
736 1385 872 1418 prefixum
891 1386 999 1411 tociens

81 1433 215 1467 quociens
240 1431 391 1456 maluerint
417 1431 445 1454 in
470 1431 609 1462 prefatam
625 1430 774 1454 Wiennam
794 1430 889 1454 venire
905 1431 998 1454 nobis-

79 1485 199 1508 cumque
223 1479 251 1500 et
273 1483 336 1499 cum
353 1475 481 1498 omnibus
499 1474 673 1506 principibus
695 1474 891 1499 ecclesiasticis
911 1477 938 1499 et
957 1483 998 1499 se-

79 1520 221 1545 cularibus
237 1519 386 1544 comitibus
402 1518 555 1542 baronibus
571 1518 712 1542 nobilibus
728 1518 863 1542 militibus
878 1521 905 1543 et
916 1527 987 1543 cunc

77 1566 112 1589 tis
130 1563 314 1588 familiaribus
338 1564 365 1586 et
381 1561 500 1586 subditis
517 1562 620 1586 nostris
640 1563 792 1587 convenire
810 1564 884 1586 stare
899 1563 1000 1587 morari

75 1616 197 1642 pausare
214 1609 334 1631 tractare
351 1607 482 1630 conferre
505 1609 533 1630 et
555 1606 740 1636 concludere,
761 1606 933 1639 tandemque
951 1607 999 1631 ha-

31 1674 40 1682 ,.
74 1653 140 1677 bitis
159 1651 324 1676 tractatibus
348 1650 489 1674 conclusis
511 1650 555 1674 vel
579 1658 636 1674 non
663 1650 806 1674 conclusis
833 1651 865 1674 ad
886 1652 999 1684 propria

75 1697 119 1722 vel
138 1697 192 1720 alia
216 1703 268 1727 que
290 1695 444 1719 maluerint
466 1694 545 1724 loca,
576 1695 660 1718 salvis
687 1703 739 1727 per
762 1695 854 1719 omnia
871 1696 999 1727 personis

75 1740 161 1765 rebus
183 1741 212 1763 et
231 1739 313 1763 bonis
335 1745 434 1763 eorum
459 1738 550 1763 redire
569 1738 767 1770 declinareque
786 1739 898 1763 valeant
915 1743 998 1771 atque.

76 1785 203 1817 possint,
222 1783 423 1816 promittentes
447 1783 500 1807 sub
521 1781 574 1807 fide
597 1786 628 1806 ut
649 1782 791 1814 prefertur
809 1786 907 1807 nostra
926 1783 999 1807 chri-

75 1828 164 1851 stiana
180 1834 211 1851 ac
226 1827 313 1851 verbo
330 1829 428 1850 nostro
444 1826 525 1859 regio
541 1834 593 1850 nec
614 1834 673 1851 non
689 1826 798 1851 honore
815 1830 843 1850 et
860 1827 999 1860 dignitate

74 1871 178 1896 nostris
196 1871 358 1903 prescriptis
381 1879 432 1902 pro
450 1871 531 1895 nobis
553 1878 584 1895 ae
605 1878 656 1903 pro
674 1871 803 1895 omnibus
824 1871 997 1903 principibus

74 1914 223 1939 comitibus
241 1914 391 1939 baronibus
403 1914 546 1939 nobilibus
562 1914 701 1939 militibus
715 1915 898 1939 familiaribus
913 1916 997 1940 clien-

74 1959 150 1983 tibus
173 1958 291 1983 subditis
319 1961 347 1982 et
365 1957 581 1983 civitatensibus
603 1958 710 1983 nostris
733 1962 816 1991 atque
839 1959 997 1984 fautoribus

74 2003 272 2034 undecumque
287 2005 315 2026 et
331 2002 575 2036 qualitercumque
592 2003 732 2027 maiestati
748 2005 843 2027 nostre
858 2004 998 2028 adheren-

73 2047 148 2072 tibus
163 2049 192 2071 et
205 2046 375 2076 coniunctis,
396 2046 596 2078 cuiuscumque
615 2047 752 2080 linguagii
771 2048 894 2072 nationis
909 2051 998 2072 status

74 2095 101 2117 et
115 2091 263 2124 dignitatis
287 2090 418 2120 existunt,
433 2094 465 2114 ut
484 2090 543 2123 ipse
562 2090 695 2115 Nicolaus
711 2092 858 2124 tVayuoda
881 2092 998 2117 familia-

73 2143 174 2167 resque
191 2137 219 2159 et
234 2134 335 2159 subditi
354 2135 396 2158 sui
412 2142 442 2158 ac
460 2134 488 2158 in
502 2142 553 2159 sua
570 2136 700 2159 comitiva
718 2136 749 2160 ad
766 2144 916 2161 numerum
938 2145 999 2169 pre-

74 2180 209 2211 scriptum
233 2179 278 2203 vel
302 2179 371 2203 eitra
392 2181 479 2210 prout
500 2179 670 2211 promissum
687 2182 729 2204 est
744 2180 948 2212 procedentes,
970 2182 998 2205 111

72 2223 231 2248 huiusmodi
246 2223 370 2247 adventu
385 2231 464 2247 mora
483 2223 526 2247 vel
541 2223 633 2247 reditu
653 2224 745 2256 palam
764 2225 808 2249 vel
829 2225 942 2249 occulte
959 2225 997 2249 di-

72 2270 148 2293 recte
169 2268 214 2292 vel
231 2267 365 2292 indirecte
380 2267 460 2292 nulla
475 2267 518 2291 via
534 2268 631 2291 mundi
647 2268 763 2293 inventa
782 2269 826 2293 vel
841 2269 997 2302 excogitata

74 2311 314 2345 excogitandaque
336 2318 385 2335 seu
409 2311 576 2335 invenienda
599 2320 650 2344 per
670 2320 721 2336 nos
738 2315 787 2336 aut
803 2316 916 2337 nostros
935 2321 997 2345 pre-

75 2357 163 2379 tactos
179 2355 207 2378 in
225 2355 353 2387 personis
369 2358 397 2379 et
416 2355 566 2387 quibusvis
581 2356 665 2380 rebus
687 2359 715 2380 et
734 2356 815 2380 bonis
834 2364 931 2381 eorum
950 2357 998 2381 im-

73 2398 222 2430 pedientur
241 2399 468 2424 molestabuntur
490 2402 518 2424 et
534 2400 731 2431 quoquomodo
756 2400 997 2432 dampnificabun-

73 2445 136 2469 tur,
155 2442 202 2466 sed
223 2443 310 2467 libere
332 2446 359 2467 et
381 2443 486 2475 absque
503 2443 703 2475 impedimento
722 2442 839 2468 venient
854 2447 882 2468 et
896 2453 996 2477 pausa-

76 2486 146 2510 bunt
161 2488 188 2509 et
203 2487 348 2517 redibunt,
370 2487 499 2519 quodque
522 2488 544 2512 si
569 2495 619 2520 per
643 2495 825 2519 quascunque
842 2488 917 2513 leves
934 2497 996 2521 per-

73 2537 157 2555 sonas
177 2537 272 2555 corum
289 2531 398 2555 scilicet
415 2531 570 2556 familiares
589 2532 773 2563 subditosque
798 2532 932 2557 incorum
944 2534 983 2558 sci

74 2574 139 2598 licet
159 2573 288 2598 comitiva
310 2575 506 2607 advenientes,
533 2575 638 2608 aliquid
663 2576 777 2608 dampni
803 2576 996 2608 impedimenti

73 2625 123 2642 seu
139 2617 223 2642 verba
239 2617 372 2644 iniuriosa
388 2619 421 2644 ad
435 2627 486 2645 nos
500 2619 711 2653 pertinentibus
727 2622 774 2645 aut
795 2627 808 2645 e
826 2627 962 2647 converso
978 2629 993 2646 a

1067 293 1181 330 1445,
1206 294 1389 329 September
1413 297 1462 324 16.
1487 297 1578 331 Reyq.
1603 298 1662 325 No.
1686 298 1787 327 1960.

1068 368 1149 393 nobis
1165 370 1372 401 pertinentibus
1398 370 1584 396 familiaribus
1607 376 1636 397 et
1657 373 1774 399 subditis
1794 372 1897 407 prefati
1916 374 1997 407 Wey*

1070 413 1142 437 uode
1166 414 1264 438 inferri
1286 422 1335 438 seu
1354 414 1475 447 irrogari
1493 416 1671 448 contingent,
1689 426 1738 449 per
1755 418 1810 442 hoc
1827 418 1909 451 vigor
1924 426 1998 443 asse-

1073 457 1201 481 curitatis
1219 458 1320 482 harum
1336 459 1494 483 litterarum
1511 464 1673 485 nostrarum
1694 462 1816 486 violatus
1832 463 1998 487 nullatenus

1069 501 1261 534 intelligatur.
1282 500 1336 525 Sed
1358 505 1452 534 partes
1470 506 1623 528 teneantur
1641 505 1673 529 ad
1692 506 1813 530 debitam
1833 507 1997 530 conunisso-

1069 553 1132 569 rum
1151 546 1390 570 reformationem.
1411 546 1483 571 Item
1500 548 1573 579 quod
1597 549 1618 572 si
1635 549 1778 582 quippiam
1797 551 1892 574 forent
1908 551 1997 574 homi-

1069 597 1120 613 nes
1143 590 1233 614 nostri
1256 589 1359 614 subditi
1378 591 1545 616 adherentes
1564 593 1687 617 fautores
1709 601 1758 618 seu
1774 595 1933 625 coniuncti7
1950 595 1996 626 qui

1070 634 1210 666 prefatum
1234 634 1382 659 Nicolaum
1404 636 1576 667 Wayuodam
1603 637 1813 670 familiaresque
1844 642 1872 662 et
1897 640 1924 662 in
1947 647 1997 663 sua

1071 678 1201 702 comitiva
1224 680 1274 703 sub
1294 680 1472 711 presentium
1496 680 1668 706 confidentia
1693 681 1877 706 advenientes
1899 686 1997 707 contra

1070 721 1228 746 huiusmodi
1243 726 1371 747 nostrum
1391 725 1673 750 salvumconductum
1690 726 1825 758 impedire
1842 727 1996 751 molestare

1070 767 1098 790 et
1120 767 1319 799 dampnificare
1338 769 1533 800 intenderent,
1554 770 1711 794 huiusmodi
1728 770 1844 795 nocivos
1868 770 1996 795 homines

1070 810 1174 835 eisdem
1186 812 1392 843 quamprimum
1405 813 1476 837 scire
1493 814 1653 846 poterimus
1664 816 1872 841 notificabimus
1888 815 1997 841 etsvlrss

1071 854 1197 879 dabimus
1220 858 1248 880 et
1272 856 1346 879 omni
1369 857 1495 888 potentia
1513 859 1649 883 facultate
1676 863 1704 883 et
1722 869 1804 892 posse
1819 866 1918 887 nostro
1935 871 1997 887 eos-

1071 898 1132 923 dem
1159 899 1192 923 ab
1213 900 1343 924 omnibus
1368 901 1491 925 cuiusvis
1514 903 1684 927 conditionis
1708 905 1855 937 dignitatis
1877 907 1997 931 homini-

1071 942 1122 967 bus
1147 943 1175 967 111
1197 943 1257 976 ipso
1283 945 1405 968 adventu
1425 953 1502 969 mora
1530 949 1558 970 et
1586 947 1678 972 reditu
1698 948 1880 974 defendemus
1906 952 1996 976 tut-bi<

1071 995 1189 1018 murque
1213 990 1240 1012 et
1261 992 1456 1021 protegemus.
1486 990 1560 1014 Casu
1582 999 1649 1015 vero
1672 1001 1726 1023 quo
1750 997 1877 1026 tempore
1905 996 1996 1019 medio

1070 1040 1120 1063 per
1136 1039 1329 1064 quoscumque
1348 1033 1476 1058 subditos
1493 1034 1618 1059 eiusdem
1631 1036 1776 1068 W'ayuode
1789 1042 1837 1062 aut
1847 1040 1995 1072 quospiam

1070 1076 1281 1109 regnicolarum
1310 1080 1358 1101 aut
1378 1077 1627 1109 stipendiariorum
1655 1088 1745 1113 regno
1766 1079 1913 1116 Hungarie
1941 1086 1995 1108 evi-

1071 1123 1176 1144 stentes
1199 1121 1344 1145 invasores
1365 1121 1580 1154 depredationes
1603 1126 1743 1149 terrarum
1759 1129 1922 1152 nostrarum
1944 1137 1994 1152 no-

1070 1168 1252 1196 strorumque
1280 1166 1454 1190 subditorum
1487 1167 1548 1191 fieri
1580 1169 1653 1199 quod
1683 1170 1756 1193 absit
1780 1171 1994 1204 contingerent„

1076 1216 1126 1239 per
1145 1208 1200 1232 hoc
1222 1212 1319 1233 noster
1342 1211 1602 1235 salvusconductus
1634 1213 1662 1236 in
1686 1214 1766 1238 nullo
1788 1215 1925 1246 violetur,
1946 1218 1994 1241 sed

1072 1250 1098 1275 111
1119 1260 1170 1275 suo
1197 1253 1299 1277 robore
1324 1261 1434 1286 semper
1454 1259 1619 1286 perseveret
1641 1257 1706 1280 dolo
1724 1261 1752 1282 et
1770 1259 1865 1284 fraude
1882 1268 1995 1285 cessan*

1070 1296 1144 1320 tibus
1159 1296 1390 1329 quibuscumque.
1416 1297 1550 1323 Preterea
1581 1303 1609 1324 et
1640 1301 1709 1326 illud
1735 1303 1939 1329 introducimus
1967 1309 1996 1330 et

1070 1340 1248 1372 presentibus
1271 1341 1476 1373 interserimus,
1501 1343 1599 1374 quodsi
1622 1348 1649 1369 et
1672 1345 1700 1369 in
1726 1350 1863 1378 quantum
1889 1356 1995 1373 memo-

1069 1386 1148 1408 ratus
1172 1383 1309 1409 Nicolaus
1332 1385 1478 1418 lVayuoda
1505 1391 1554 1412 aut
1577 1389 1624 1412 alii
1643 1389 1739 1415 fideles
1765 1392 1809 1416 sui
1833 1393 1915 1417 amici
1936 1394 1989 1417 fair

1070 1430 1145 1452 tores
1175 1430 1259 1461 atque
1276 1430 1429 1455 familiares
1450 1433 1478 1455 et
1501 1432 1552 1455 sibi
1573 1433 1761 1465 adherentes,
1782 1436 1829 1460 sed
1850 1439 1876 1460 et
1892 1438 1994 1469 prelati

1069 1475 1097 1497 et
1113 1473 1231 1498 barones
1253 1474 1357 1498 milites
1379 1483 1533 1507 eorumque
1554 1478 1688 1502 comitiva
1713 1482 1741 1503 et
1766 1480 1870 1505 familia
1891 1482 1993 1513 quam-

1069 1525 1186 1549 cumque
1205 1520 1231 1542 et
1248 1518 1377 1543 similiter
1395 1519 1433 1543 eis
1449 1519 1617 1545 adherentes
1633 1522 1684 1546 sub
1694 1524 1819 1555 presenti
1830 1528 1929 1549 nostro
1940 1527 1995 1550 sal>

1068 1561 1250 1586 voconductu
1282 1565 1365 1594 atque
1385 1564 1538 1588 securitate
1563 1565 1594 1589 ad
1610 1574 1662 1590 nos
1679 1567 1824 1592 venientes
1841 1571 1868 1592 et
1883 1570 1995 1594 demum

1068 1606 1218 1631 redeuntes
1234 1607 1372 1631 maiestati
1386 1611 1482 1633 nostre
1497 1612 1525 1633 et
1541 1610 1763 1642 quibuscumque
1779 1613 1884 1637 nostris
1901 1614 1994 1646 prela—

1067 1650 1102 1674 tis
1119 1651 1272 1676 baronibus
1294 1652 1443 1677 comitibus
1468 1653 1604 1678 militibus
1626 1655 1765 1680 nobilibus
1784 1656 1942 1682 fautoribus
1966 1661 1994 1682 et

1067 1695 1240 1727 generaliter
1269 1696 1331 1720 aliis
1350 1697 1455 1720 nostris
1482 1698 1600 1722 subditis
1627 1699 1822 1732 cuiuscunque
1845 1701 1992 1734 dignitatis

1066 1737 1181 1763 honoris
1208 1742 1236 1764 et
1263 1744 1352 1765 status
1378 1748 1427 1765 seu
1455 1742 1594 1776 linguagii
1624 1744 1745 1768 existant
1773 1746 1937 1778 quinymmo
1965 1751 1993 1769 et

1068 1784 1209 1815 quondam
1229 1785 1410 1809 serenissimo
1432 1785 1547 1810 domino
1563 1786 1680 1811 Alberto
1697 1786 1846 1822 Hungarie
1861 1790 1923 1822 regi
1941 1798 1991 1813 no>

1066 1831 1126 1851 stro
1145 1831 1245 1860 patruo
1266 1835 1297 1852 ac
1322 1830 1388 1853 olim
1411 1829 1500 1854 incliti
1520 1830 1632 1856 domine
1652 1832 1801 1857 Elisabeth
1816 1833 1915 1866 regine
1933 1835 1992 1858 eius

1063 1873 1223 1897 conthorali
1240 1875 1288 1897 aut
1303 1873 1444 1905 prelibato
1458 1877 1559 1899 nostro
1575 1877 1696 1907 patrueli
1714 1877 1913 1910 regiLadislao
1933 1878 1991 1902 sive

1066 1924 1117 1948 per
1132 1916 1228 1941 literas
1247 1917 1304 1942 sive
1321 1918 1413 1942 verbis
1431 1919 1459 1942 et
1476 1919 1557 1943 factis
1573 1921 1818 1953 qualitercumque
1833 1925 1859 1946 et
1877 1929 1992 1953 quomo-

1067 1959 1232 1991 docunque,
1253 1961 1304 1985 sub
1327 1969 1503 1994 quacumque
1528 1961 1619 1988 forma
1641 1965 1792 1989 verborum
1819 1969 1921 1998 sponte
1944 1970 1993 1990 aut

1065 2006 1160 2028 coacte
1178 2005 1285 2036 aliquas
1304 2006 1504 2037 promissiones
1522 2007 1744 2039 pollicitationes
1761 2009 1930 2034 adhesiones
1942 2010 1992 2034 ob-

1067 2048 1241 2073 servationes
1267 2049 1528 2081 confederationes,
1557 2054 1585 2076 et
1613 2053 1789 2085 generaliter
1816 2061 1991 2085 quecumque

1068 2092 1239 2126 obligamina
1255 2093 1388 2118 fecissent
1403 2097 1429 2119 et
1447 2095 1597 2120 observare
1614 2097 1836 2129 assumpsissent
1856 2105 1906 2129 per
1922 2106 1990 2129 quas

1067 2138 1095 2161 et
1113 2144 1164 2168 que
1175 2137 1305 2161 videlicet
1321 2138 1343 2162 is
1359 2142 1457 2163 noster
1467 2139 1724 2164 salvusconductus
1741 2148 1916 2172 quacumque
1930 2145 1991 2166 arte

1067 2183 1095 2204 et
1116 2180 1232 2213 ingenio
1252 2189 1301 2205 seu
1322 2182 1433 2206 cautela
1456 2185 1483 2207 et
1502 2183 1678 2216 allegatione
1696 2183 1912 2218 quomodolibet
1926 2193 1990 2217 pos-

1067 2227 1109 2248 set
1126 2225 1228 2248 variari
1248 2228 1275 2249 et
1290 2225 1433 2258 impediri,
1458 2227 1519 2250 illas
1542 2230 1570 2251 et
1585 2227 1682 2252 eadem
1698 2228 1817 2252 durante
1828 2229 1991 2253 huiusmodi

1066 2271 1165 2292 nostro
1181 2269 1402 2294 salvoconductu
1415 2278 1532 2303 prorsus
1549 2274 1576 2295 et
1589 2270 1704 2295 omnino
1727 2272 1786 2296 fore
1805 2275 1832 2296 et
1849 2281 1911 2297 esse
1930 2274 1991 2296 irri—

1066 2314 1109 2335 tas
1125 2313 1285 2337 annullatas
1301 2314 1476 2339 decernimus
1491 2322 1521 2338 ac
1539 2315 1645 2339 viribus
1664 2314 1802 2340 carituras
1823 2319 1850 2340 et
1871 2324 1924 2341 nee
1944 2325 1991 2342 eas

1065 2364 1196 2387 nmquam
1217 2360 1344 2390 tempore
1367 2358 1458 2382 medio
1482 2359 1520 2382 eis
1542 2359 1627 2382 verbo
1652 2363 1700 2383 aut
1721 2360 1796 2383 facto
1818 2360 1925 2385 directe
1947 2362 1991 2385 vel

1065 2399 1201 2425 indirecte
1226 2409 1276 2433 per
1296 2410 1348 2425 nos
1368 2405 1416 2426 aut
1430 2410 1624 2434 quoscumque
1643 2403 1714 2427 alios
1734 2406 1848 2428 nostros
1865 2405 1991 2429 fautores

1064 2446 1092 2468 et
1111 2444 1192 2469 nobis
1216 2445 1386 2469 adherentes
1407 2448 1434 2469 et
1458 2445 1490 2469 ad
1512 2453 1564 2469 nos
1586 2447 1763 2478 pertinentes
1781 2447 1945 2478 abiciamus,
1964 2450 1990 2472 in

1064 2488 1238 2512 contrarium
1255 2489 1444 2520 quovismodo
1463 2490 1626 2522 quinymmo
1646 2491 1703 2514 illis
1721 2491 1853 2514 omnibus
1870 2500 1928 2516 non
1942 2494 1989 2516 ob

1063 2531 1205 2555 stantibus
1230 2535 1391 2564 presentem
1418 2537 1547 2557 nostrum
1572 2534 1856 2558 salvumconduetum
1881 2543 1992 2568 semper

1062 2577 1090 2599 et
1111 2575 1212 2606 ubique
1238 2575 1331 2607 quoad
1356 2584 1454 2601 omnes
1474 2585 1540 2601 suos
1558 2578 1691 2601 articulos
1715 2580 1742 2602 et
1757 2578 1947 2604 continentias
1964 2581 1992 2604 in

1062 2625 1111 2642 suo
1129 2619 1229 2652 vigore
1249 2619 1453 2645 inviolabiliter
1473 2625 1500 2647 et
1520 2629 1687 2657 inconcusse
1709 2622 1838 2646 volumus
1856 2626 1882 2647 et
1898 2623 1986 2648 decer

1736 2665 1801 2696 K*
