2209 2858
187 163 322 198 CXXII

573 147 784 203 Anhang.
809 144 1062 188 Friedrich
1081 142 1170 189 IV.
1199 142 1327 200 (111.)
1355 155 1466 194 1460,
1494 153 1648 186 Februar
1672 155 1732 188 21.

179 235 2110 258 m

189 322 268 349 100.
287 320 401 355 Papscs
416 319 494 346 Pius
508 317 548 344 11.
568 315 777 350 Beslc'iciyuny
798 315 856 342 der
874 313 1164 348 Verspreclmnyen
1178 313 1290 340 seincr
1311 309 1506 346 Vorfalzren.
1522 310 1630 347 1460,
1655 310 1726 338 Feb.
1744 311 1795 339 21.
1810 312 1905 347 Reyq.
1923 314 1981 341 Xo.
2001 313 2104 342 3788.

264 390 332 414 Pius
348 389 498 422 episcopus
514 394 616 412 seruus
634 393 783 410 seruorum
803 385 855 410 dei.
876 384 916 408 Ad
935 384 1060 409 futuram
1075 384 1118 408 rei

191 435 365 460 memoriam,
386 433 461 457 Dum
481 431 514 456 ad
530 431 688 463 preclaram
706 428 769 453 fidei
785 429 976 453 constantiam
991 435 1045 452 nec
1059 435 1116 452 non

192 487 311 512 operose
328 477 517 502 solicitudinis
535 475 636 499 merita
653 474 755 505 quibus
773 473 936 497 carissimus
954 472 983 496 in
1002 471 1116 497 Christo

191 524 267 548 filius
288 525 388 547 noster
407 521 570 546 Fridericus
594 519 789 543 Romanorum
816 517 971 549 imperator
1003 523 1116 548 semper

190 567 340 601 Augustus
355 574 424 599 erga
439 574 491 590 nos
510 563 784 597 predecessoresque
802 565 918 586 nostros
941 563 969 584 et
987 562 1115 585 sanctam

190 612 350 636 Romanam
366 610 514 635 ecclesiam
532 608 560 632 in
576 607 664 639 ipsius
681 606 742 630 iure
760 605 931 630 auctoritate
949 607 977 629 ct
994 603 1115 636 preemi-

189 655 286 680 nentia
310 654 417 679 tuendo
441 656 525 685 atquc
551 650 723 675 defensando
744 649 860 675 scedulo
879 656 992 681 semper
1009 648 1115 681 inuigi-

190 700 260 725 lauit
284 702 312 723 et
337 699 437 722 claruit
460 701 487 722 et
511 696 540 720 in
555 695 614 719 dies
636 694 745 719 clarere
768 695 927 720 dinoscitur
942 694 1046 718 mentis
1064 700 1115 717 no·

190 747 246 769 stre
264 742 519 767 considerationem
536 739 724 769 intendimus,
753 739 870 772 dignum
887 738 1016 771 profecto
1036 738 1115 770 quin-

189 788 274 813 immo
293 791 321 811 et
339 786 524 810 iustissimum
542 791 708 814 censemusy
738 783 778 807 illi
803 791 860 807 non
885 783 976 807 solum
995 789 1027 806 ea
1046 790 1113 806 eon-

189 832 288 857 cedere
307 840 336 855 ac
352 830 530 859 confirmare,
553 835 605 860 que
621 835 635 852 a
654 828 761 853 nostris
779 828 844 852 olim
860 826 1113 860 predecessoribus

191 877 278 902 eidem
294 884 345 908 pro
367 874 510 907 condigna
528 872 650 904 quadam
670 871 857 896 retributione
875 879 906 896 ac
922 878 1114 903 recumpensa

189 927 324 945 concessa
348 922 375 944 et
399 918 508 942 indulta
526 920 591 941 sunt
611 917 694 941 etiam
717 916 771 940 alia
787 914 888 948 queuis
907 923 962 947 que
980 923 1043 939 cum
1060 914 1114 939 deo

188 968 216 990 et
237 965 314 988 bona
340 964 438 987 nostra
461 961 638 986 conscientia
662 961 756 985 facere
772 967 924 992 possumus
942 959 1033 984 eidem
1047 967 1114 983 con-

189 1008 313 1033 cedenda
332 1007 534 1040 propensiores
553 1005 688 1037 existere,
713 1013 780 1030 sane
804 1004 878 1029 intra
892 1004 996 1028 mentis
1013 1006 1113 1028 nostre

187 1053 310 1077 archana
332 1051 519 1075 reuoluentes
543 1050 663 1082 qualiter
696 1049 764 1073 olim
790 1048 881 1073 felicis
907 1048 1113 1073 recordationis

188 1096 336 1130 Eugenius
363 1103 434 1128 papa
452 1094 500 1119 lv.
526 1094 618 1126 primo
648 1096 675 1118 et
694 1093 795 1117 deinde
819 1091 954 1117 Nicolaus
982 1100 1056 1125 papa
1079 1092 1112 1117 V.

186 1141 404 1174 predecessores
431 1138 521 1163 nostri
546 1138 654 1170 prefato
679 1136 845 1169 imperatori
868 1136 902 1160 ob
925 1137 1054 1169 ingentia
1072 1137 1113 1168 ip-

187 1185 245 1210 sius
270 1192 338 1218 erga
365 1184 442 1216 ipsos
466 1186 494 1207 et
516 1183 667 1207 ecclesiam
684 1182 844 1206 Romanam
867 1180 992 1205 exhibita
1010 1181 1112 1205 merita

184 1233 247 1254 tum
267 1228 401 1261 precipue
424 1228 451 1251 in
472 1233 691 1258 recumpensam
714 1225 845 1249 laborum
867 1227 895 1249 et
912 1232 1112 1258 expensarum,

185 1281 254 1306 quas
271 1281 322 1306 pro
337 1271 512 1296 restituenda
534 1270 639 1295 eisdem
654 1269 904 1303 predecessoribus
921 1270 1029 1294 nostris
1047 1269 1113 1294 obe-

185 1317 291 1342 dientia
323 1324 355 1340 ac
385 1315 589 1346 neutralitate,
618 1322 671 1346 que
699 1315 727 1338 in
756 1314 871 1338 natione
901 1315 1065 1345 germanica
1097 1321 1112 1338 a

186 1361 336 1387 nonnullis
353 1360 465 1386 inducta
488 1362 548 1384 erat
570 1359 602 1383 de
627 1358 717 1383 medio
735 1357 930 1382 submouenda
949 1357 1112 1389 multiplici-

185 1410 231 1431 ter
248 1406 333 1430 subiit
350 1407 378 1429 et
398 1405 517 1436 pertulit
531 1403 622 1428 eidem
637 1411 689 1435 per
707 1410 771 1427 suas
791 1404 922 1435 patentes
937 1402 1030 1426 bullas
1045 1410 1111 1426 con-

186 1452 337 1476 cesserunt
358 1452 385 1473 et
401 1449 596 1478 indulserunt,
623 1450 656 1471 ut
677 1448 737 1479 ipse
759 1447 787 1470 in
804 1448 832 1471 et
849 1453 934 1479 super
950 1448 1011 1470 toto
1033 1446 1110 1469 clero

185 1495 372 1525 omnibusque
399 1493 527 1518 ecclesiis
548 1494 577 1517 et
594 1490 799 1516 ecclesiasticis
820 1490 967 1515 beneficiis
986 1497 1037 1522 per
1050 1489 1111 1513 vni-

183 1546 298 1564 uersam
321 1537 468 1562 nationem
491 1536 688 1561 Germanicam
712 1537 796 1567 atque
814 1535 977 1559 Romanum
998 1532 1111 1566 imperi-

183 1591 232 1608 um
248 1582 395 1607 constituti
415 1581 551 1606 decimam
568 1588 620 1613 pro
637 1588 692 1605 vna
715 1582 811 1604 tamen
830 1579 965 1603 duntaxat
984 1579 1045 1603 uice
1062 1578 1109 1602 ha-

183 1628 251 1652 bere
269 1634 301 1651 ac
322 1627 440 1651 eandem
455 1626 604 1658 percipere
623 1633 654 1649 ac
674 1624 846 1657 recolligere
864 1625 962 1656 posset
977 1626 1006 1647 et
1025 1623 1109 1647 debe-

182 1674 227 1697 ret
251 1671 336 1695 ccrtis
360 1678 446 1702 super
470 1670 523 1694 hoc
547 1668 744 1694 executoribus
761 1667 917 1700 npostnlica
937 1667 1108 1691 auctoritate

184 1715 326 1748 deputatis
351 1715 396 1747 qui
420 1714 512 1738 eidem
529 1713 561 1737 de
583 1712 747 1737 huiusmodi
768 1712 875 1736 decima
897 1714 924 1736 et
950 1719 1047 1736 earum
1063 1719 1107 1735 ex-

184 1759 331 1785 actoribus
352 1766 402 1783 suo
417 1758 531 1782 nomine
546 1758 675 1782 facerent
690 1758 864 1789 responderi.
893 1756 929 1780 Et
945 1755 1107 1780 nichilomi-

181 1813 236 1830 nus
255 1811 395 1828 cameram
412 1802 596 1834 apostolicam
611 1802 702 1826 eidem
723 1801 886 1834 imperatori
906 1804 934 1826 et
954 1801 1043 1833 ipsius
1059 1800 1107 1823 he-

181 1849 296 1873 redibus
315 1848 343 1872 in
358 1855 466 1872 summa
483 1849 597 1871 centum
613 1846 722 1870 milium
738 1845 914 1870 florenorum
930 1845 1107 1869 Renensium

181 1892 339 1917 efficaciter
352 1891 611 1924 persoluendornm
629 1890 794 1924 obligarunt
813 1889 957 1914 nonnullis
982 1890 1107 1921 particu-

179 1937 289 1962 laribus
313 1936 430 1961 summis
461 1935 649 1968 pecuniarum
671 1934 759 1958 cidem
781 1932 946 1966 imperatori
973 1933 1000 1958 in
1030 1933 1105 1958 dicta

178 1989 289 2006 summa
314 1980 462 2012 principali
485 1979 646 2012 persolutis.
673 1978 795 2011 Insuper
817 1979 901 2003 etiam
927 1981 1037 2003 certum
1064 1978 1105 2002 in-

179 2025 290 2050 dultum
309 2025 369 2049 siue
392 2024 558 2049 facultatem
576 2023 609 2047 ad
627 2023 782 2048 nonnullas
801 2023 935 2048 ecclesias
956 2022 1105 2047 cathedra-

178 2069 222 2094 les
247 2070 277 2094 in
301 2069 433 2093 dominiis
460 2070 488 2093 et
514 2068 690 2100 principibus
715 2068 774 2093 suis
804 2075 836 2092 ac
861 2068 961 2092 domus
989 2067 1104 2092 Auso-ie

178 2113 357 2138 hereditariis
381 2113 517 2138 uidelicet
541 2111 740 2137 Tridentinam
765 2112 962 2137 Brixinensem
986 2111 1105 2137 Curiem

179 2166 237 2183 sem
268 2157 443 2182 Gurcensem
472 2157 673 2191 Tcrgestinam
700 2159 728 2181 et
756 2155 942 2182 Petinensem
971 2157 1104 2188 quotiens

177 2203 239 2227 illas
260 2202 306 2227 uel
322 2203 445 2234 aliquam
461 2209 558 2227 earum
575 2204 708 2234 tempore
731 2201 789 2225 uite
812 2201 901 2233 ipsius
924 2201 1103 2234 imperatoris

177 2255 229 2281 per
248 2255 358 2272 cessum
371 2248 416 2272 vel
432 2248 580 2273 decessum
597 2253 701 2271 uacare
718 2246 900 2280 contingeret
919 2246 1024 2271 totiens
1039 2254 1103 2278 per-

180 2299 280 2317 sonam
303 2292 362 2316 siue
384 2300 519 2324 personas
545 2291 630 2316 utiles
655 2292 683 2315 et
702 2290 830 2323 ydoneas
847 2294 875 2315 et
895 2290 947 2315 sibi
965 2293 993 2316 et
1008 2291 1102 2315 domui

1180 393 1230 409 sue
1253 383 1368 408 Austrie
1396 385 1493 416 gratas
1519 384 1547 405 et
1563 383 1692 413 acceptas
1707 382 1870 407 nominandi
1887 385 1970 415 atque
1988 390 2108 415 presen-

1181 429 1258 453 tandi
1277 436 1345 460 quas
1362 428 1509 452 Romanus
1525 426 1653 459 pontifex
1669 432 1720 457 pro
1739 428 1868 458 tempore
1885 429 1934 451 aut
1949 427 2030 453 sedes
2046 428 2108 460 ipsa

1179 472 1213 498 ad
1236 473 1349 498 easdem
1372 471 1506 496 ecclesias
1526 469 1676 494 instituere
1699 472 1783 502 atque
1805 469 1973 496 confirmare
1996 475 2108 498 tenere-

1179 520 1236 548 tur,
1259 524 1328 549 quas
1345 517 1427 541 etiam
1445 515 1646 540 concessiones
1662 514 1856 548 obligationes
1872 517 1901 540 et
1914 515 2026 542 indulta
2044 517 2109 542 seli-

1180 561 1219 586 cis
1238 560 1445 585 recordationis
1461 559 1586 585 Calistus
1606 566 1679 592 papa
1694 558 1744 583 111.
1761 558 1942 584 immediatus
1958 561 2108 593 predeces-

1181 614 1229 631 sor
1253 608 1353 630 noster
1376 605 1516 629 dictorum
1541 602 1665 637 Eugenii
1694 606 1722 628 et
1744 602 1855 628 Nicolai
1877 612 2028 630 successor
2055 613 2108 638 per

1181 658 1246 675 suas
1263 650 1374 674 litteras
1394 657 1425 674 es
1440 651 1519 673 certa
1540 648 1660 672 scientia
1683 647 1866 672 confirmauit
1891 651 1919 673 et
1939 649 2111 681 approbauit

1181 703 1284 727 easque
1309 697 1386 718 ratas
1411 696 1440 718 et
1460 695 1556 727 gratas
1575 692 1680 717 habere
1698 692 1790 716 voluit
1812 695 1900 725 prout
1919 693 1972 717 hec
1989 694 2018 718 in
2031 693 2108 718 litte-

1179 740 1218 764 ris
1237 740 1374 763 dictorum
1398 738 1632 771 predecessorum
1648 739 1814 761 nostrorum
1838 738 2000 769 expressius
2019 741 2048 763 et
2068 738 2110 763 la-

1180 784 1237 808 tius
1263 783 1457 808 continentur.
1483 781 1542 806 Nos
1561 781 1649 814 igitur
1670 781 1716 813 qui
1737 783 1883 805 annuente
1911 782 2026 807 domino
2043 790 2108 816 pre-

1180 828 1262 853 dictis
1285 826 1537 860 predecessoribus
1561 826 1668 850 nostris
1700 826 1728 849 in
1759 826 1936 857 apostolatus
1967 826 2109 860 dignitate

1180 872 1371 897 successimus
1400 870 1432 895 de
1456 870 1603 902 premissis
1629 870 1760 895 omnibus
1788 872 1817 894 et
1843 870 1966 904 singulis
1997 874 2108 896 certam

1180 917 1329 942 scientiam
1345 923 1376 940 ac
1390 914 1525 939 noticiam
1545 914 1683 939 habentes
1699 916 1800 947 utpote
1816 914 1862 946 qui
1882 917 1951 939 tunc
1974 915 2003 940 in
2018 915 2108 940 mino-

1178 962 1256 987 ribus
1277 961 1441 991 existentes,
1459 959 1515 990 hijs
1533 959 1620 983 rebus
1638 959 1832 989 interfuimus,
1854 961 1882 983 et
1897 959 2002 984 scimus
2018 967 2109 992 quan-

1179 1009 1239 1031 tum
1263 1005 1368 1038 prefati
1394 1003 1571 1036 imperatoris
1588 1003 1738 1028 sinceritas
1756 1002 1827 1028 fides
1845 1006 1873 1027 et
1891 1003 2041 1038 diligentia
2061 1012 2108 1028 ex-

1179 1051 1269 1076 titerit
1296 1051 1334 1074 ita
1359 1051 1390 1073 ut
1413 1048 1499 1081 digne
1527 1047 1692 1072 huiusmodi
1713 1048 1934 1072 retributionem
1961 1051 2046 1080 atque
2063 1056 2108 1073 re-

1179 1102 1365 1127 cumpensam
1391 1100 1406 1117 a
1428 1092 1510 1117 nobis
1534 1095 1561 1116 et
1580 1092 1711 1116 Romana
1734 1092 1856 1116 ecclesia
1876 1091 1981 1117 habere
1999 1100 2106 1118 merea-

1178 1142 1234 1166 tur.
1254 1139 1363 1163 Idcirco
1379 1137 1574 1170 predictorum
1593 1136 1830 1168 predecessorum
1842 1139 2007 1161 nostrorum
2017 1137 2107 1162 uesti-

1179 1184 1232 1218 giis
1255 1182 1430 1212 inherendo,
1456 1180 1619 1206 huiusmodi
1642 1180 1842 1206 concessiones
1862 1181 2054 1214 obligationes
2080 1184 2110 1207 et

1178 1228 1289 1253 indulta
1304 1229 1367 1252 rata
1382 1229 1409 1251 et
1428 1228 1512 1259 grata
1531 1225 1670 1250 habentes
1684 1224 1782 1250 eadem
1803 1226 1975 1250 auctoritate
1993 1229 2108 1259 aposto-

1178 1273 1231 1297 lica
1248 1281 1279 1297 ex
1294 1274 1371 1296 certa
1398 1270 1515 1295 seientia
1529 1270 1698 1293 roboramus
1717 1271 1746 1294 et
1763 1269 1981 1302 confirmamus,
2006 1270 2107 1295 uolen-

1178 1320 1220 1342 tes
1243 1324 1274 1341 ca
1294 1316 1408 1349 prefato
1430 1314 1594 1347 imperatori
1618 1316 1646 1338 et
1666 1314 1724 1338 suis
1740 1313 1897 1339 heredibus
1915 1317 1943 1339 et
1959 1322 2108 1340 successo-

1177 1362 1255 1386 ribus
1282 1360 1402 1384 firmiter
1428 1362 1457 1385 et
1479 1359 1648 1383 inconcusse
1673 1358 1840 1387 obseruare,
1870 1360 1899 1383 et
1923 1359 2108 1391 quantumin

1177 1406 1259 1430 nobis
1279 1406 1333 1430 erit
1348 1404 1381 1429 ab
1399 1404 1460 1428 aliis
1478 1404 1562 1428 etiam
1582 1402 1744 1433 observari,
1765 1409 1797 1426 eo
1813 1400 1892 1427 salvo
1910 1403 1984 1435 quod
1999 1403 2109 1429 decima

1177 1448 1340 1474 huiusmodi
1370 1449 1426 1473 hoc
1459 1456 1535 1472 nunc
1567 1450 1696 1479 tempore
1725 1446 1870 1478 pendente
1900 1446 2108 1473 deliberatione

1177 1502 1264 1526 super
1281 1493 1407 1518 eiusdem
1425 1492 1533 1516 decime
1551 1491 1697 1515 exactione
1715 1498 1766 1522 pro
1781 1491 1909 1524 generali
1924 1492 2110 1517 contra'rur-

1177 1539 1246 1563 chos
1265 1536 1445 1570 expeditione
1470 1535 1663 1569 promovenda
1689 1534 1805 1559 minime
1820 1542 1871 1566 per
1887 1535 1996 1560 dictum
2017 1536 2106 1568 impe-

1176 1586 1301 1608 ratorem
1320 1582 1466 1615 exigatur,
1490 1580 1608 1612 prefatis
1628 1579 1712 1604 etiam
1727 1578 1950 1611 particularibus
1972 1581 2108 1613 pecunia-

1175 1635 1239 1652 rum
1266 1626 1383 1651 summis
1404 1626 1433 1650 in
1459 1627 1572 1658 partem
1596 1623 1722 1655 predicte
1737 1623 1923 1656 obligationis
1940 1624 2109 1649 centummi-

1175 1672 1244 1697 lium
1265 1679 1317 1704 per
1334 1670 1464 1703 prefatos
1481 1671 1596 1694 nostros
1615 1666 1833 1700 predecessores
1859 1667 1948 1692 eidem
1966 1669 2109 1701 imperiali

1174 1715 1316 1741 maiestati
1336 1714 1491 1747 persolutis
1518 1713 1552 1737 ab
1576 1712 1673 1737 eadem
1693 1712 1844 1745 principali
1862 1713 2008 1737 sententia
2024 1713 2108 1738 nobis

1176 1763 1204 1786 et
1228 1760 1286 1784 sedi
1309 1759 1466 1792 apostolice
1493 1761 1558 1782 ante
1580 1757 1673 1781 omnia
1695 1756 1825 1782 deductis
1845 1758 1930 1789 atque
1946 1756 2107 1784 defalcatis.

1175 1804 1253 1829 Nulli
1276 1812 1344 1838 ergo
1362 1804 1478 1827 omnino
1496 1802 1642 1826 hominum
1659 1801 1745 1826 liceat
1763 1801 1837 1825 hanc
1855 1801 1989 1835 paginam
2006 1805 2106 1828 nostre

1173 1849 1368 1874 roborationis
1393 1847 1620 1872 confirmationis
1640 1849 1668 1871 et
1693 1845 1850 1871 voluntatis
1875 1846 2037 1880 infringere
2060 1847 2106 1872 vel

1175 1894 1198 1918 ei
1218 1901 1289 1919 ausu
1305 1893 1455 1917 temerario
1475 1891 1626 1916 contraire.
1655 1889 1684 1915 Si
1709 1890 1770 1923 quis
1795 1892 1891 1915 autem
1908 1890 1964 1915 hoc
1982 1893 2106 1923 attemp-

1173 1940 1234 1963 tare
1260 1936 1473 1971 presumpserit
1498 1935 1727 1969 indignationem
1762 1935 1966 1967 omnipotentis
1995 1935 2040 1960 dei
2071 1942 2104 1960 uc

1170 1983 1320 2007 beatorum
1339 1980 1418 2006 Petri
1437 1983 1465 2005 et
1483 1979 1563 2004 Pauli
1582 1980 1779 2012 apostolorum
1805 1979 1865 2004 eius
1886 1986 1916 2003 se
1934 1980 2048 2003 nouerit
2064 1979 2104 2003 in-

1171 2034 1331 2052 cursurum.
1367 2025 1472 2050 Datum
1501 2024 1583 2049 Senis
1615 2032 1689 2049 anno
1714 2023 1920 2048 incarnationis
1958 2022 2101 2048 dominice

1170 2071 1322 2096 millesimo
1338 2069 1624 2104 quadringentesimo
1641 2067 1879 2101 quinquagesimo
1894 2075 1971 2092 nono
1989 2066 2100 2092 decimo

1170 2115 1308 2141 kalendas
1327 2115 1422 2139 martii
1440 2113 1629 2139 pontificatus
1646 2113 1737 2138 nostri
1753 2119 1828 2137 anno
1845 2111 1979 2136 secundo.

1776 2155 1818 2180 Ja.
1837 2153 1944 2180 Lucen.

1609 2201 1703 2226 Gratis
1721 2200 1754 2225 dc
1771 2199 1907 2224 mandato
1926 2200 1951 2226 d.
1971 2209 1998 2225 n.
2015 2208 2100 2234 pape.

1747 2243 1780 2269 Β.
1796 2243 1829 2269 de
1847 2243 1971 2272 Maffeis,

1240 2291 1305 2317 Von
1321 2290 1450 2316 Aussen:
1469 2291 1635 2324 Registrata
1652 2289 1681 2313 in
1699 2294 1812 2313 camera
1831 2289 1998 2321 apostolica.

171 2443 246 2471 101.
265 2442 475 2477 Bescdciyuny
489 2442 577 2470 einer
590 2441 1037 2478 Erbsclcafc&Ans-‹lleiclmnq
1054 2443 1111 2470 der
1125 2441 1261 2470 Familie
1276 2441 1487 2475 Scicbenbery.
1504 2441 1610 2477 1460,
1629 2437 1722 2475 April
1740 2439 1794 2467 28.
1811 2439 1906 2474 Reqq.
1920 2440 1976 2467 No.
1987 2439 2091 2470 3803.

245 2513 307 2537 wir
322 2512 470 2537 Fridrcicb
491 2521 547 2537 von
564 2515 628 2546 gots
646 2514 743 2547 gnadn
757 2513 928 2538 Romischer
944 2513 1040 2538 kaiser
1061 2522 1097 2538 zu
1132 2516 1134 2539 l
1163 2520 1223 2537 nen
1237 2520 1293 2537 von
1307 2512 1355 2536 der
1373 2511 1546 2544 anvodrung
1569 2510 1626 2535 vnd
1645 2510 1750 2543 spruch
1773 2518 1804 2534 so
1825 2509 1870 2534 die
1890 2510 1993 2535 erbern
2010 2509 2093 2535 Anna

175 2558 252 2583 allen
268 2557 362 2581 zeIten
383 2564 476 2581 merer
493 2557 540 2581 des
564 2556 668 2583 Rciclis
693 2566 729 2582 zu
745 2558 904 2591 Hungarn,
926 2558 1097 2588 Dalmatico,
1133 2544 1135 2581 Ι
1164 2556 1285 2581 weiiand
1309 2555 1469 2581 Pernharts
1496 2563 1551 2580 von
1575 2555 1784 2588 Starhemberg
1807 2554 1861 2579 vnd
1878 2553 1994 2579 Martha
2011 2554 2094 2579 Frid-

176 2600 316 2626 Croacien
343 2604 395 2627 etc‘
420 2601 512 2633 kunig
538 2601 665 2635 herrzog
688 2609 720 2625 ze
748 2596 933 2633 Osterreich,
956 2611 991 2627 zu
1012 2601 1097 2632 Steir,

176 2654 212 2671 zu
231 2644 370 2670 Kernndn
388 2645 444 2671 vnd
463 2653 495 2670 ze
517 2644 618 2677 Krain,
642 2653 731 2679 graue
752 2654 787 2670 zu
803 2645 902 2671 Thirol
921 2649 973 2671 etc.
992 2647 1098 2672 beken-

1165 2601 1257 2626 reichs
1275 2608 1330 2625 von
1348 2600 1535 2634 Hohemberg
1552 2598 1670 2625 witibcn
1696 2601 1788 2624 etwan
1803 2598 1934 2624 Vlreichs
1954 2606 2010 2623 von
2027 2597 2096 2623 Stu-

1165 2645 1297 2679 benberg
1324 2645 1438 2670 tiiehter
1461 2653 1496 2670 zu
1521 2652 1626 2670 vnsern
1656 2644 1750 2669 lieben
1778 2645 1904 2677 getreun
1930 2642 2092 2668 Leutolden
