2235 2859
480 164 689 221 Anhang.
715 163 965 206 Friedrich
984 162 1072 205 IV.
1103 162 1230 218 (ΙΙΙ.)
1264 174 1383 213 1461,
1412 173 1493 216 Jul)
1526 176 1559 207 1.

1810 175 2009 211 CXXXVII

94 313 221 339 tinentiis
238 312 275 338 sit
291 316 319 337 et
335 320 398 337 esse
418 313 598 345 intelligatur
612 315 749 345 perpetuo
766 312 798 336 de
815 311 944 335 districtu
959 314 1011 335 ter·

94 357 191 383 ritorio
214 360 242 381 et
265 357 425 381 omnimoda
445 357 630 387 jurisditione
656 356 730 380 ciuili
746 358 773 380 et
789 354 927 380 criminali
947 356 1012 380 illu-

93 396 231 427 strissimc
252 401 351 425 domus
375 400 491 425 Austrie
516 404 544 425 et
565 401 668 432 prefati
687 400 885 432 capitaneatus
902 400 1012 423 dumta-

91 448 152 475 xat,
180 448 208 470 et
229 445 293 469 dicti
317 445 422 470 domini
445 445 478 470 de
499 445 607 477 Zopula
628 451 720 475 neque
746 451 843 468 corum
859 443 963 468 subditi
982 446 1013 468 ut

92 497 176 522 supra
195 497 287 521 neque
313 490 358 514 alii
381 490 483 522 quique
509 489 564 513 sint
585 489 657 512 intra
679 488 770 512 dictos
797 488 922 512 confines
946 496 1011 520 pos-

92 534 148 558 sint
172 533 317 557 vllomodo
334 541 362 558 sc
385 533 575 558 intromittere
599 539 684 557 causa
706 532 857 556 iusdicendi
878 540 928 556 seu
950 540 1012 564 pas-

92 578 192 602 cuandi
207 578 341 602 buscandi
361 586 410 602 seu
435 576 649 609 quomodolibet
666 576 854 609 coinugnandi
874 579 922 600 aut
946 584 1011 601 usu—

94 621 264 647 fructuandi.
291 621 362 646 Item
381 621 455 652 quod
472 620 602 645 similiter
617 620 747 652 quicquid
765 623 807 645 cst
830 622 903 644 ultra
919 621 1010 645 dictos

92 666 218 690 confines
240 674 337 690 versus
362 668 486 690 castrum
500 665 605 696 Zopole
622 665 722 688 Villam
745 671 891 689 romanam
910 664 1010 689 Murlis

91 713 120 735 et
138 709 291 734 Ouoletum
311 712 338 734 et
356 707 549 733 Domanisium
570 708 720 732 diuidendo
742 711 769 732 et
788 709 964 733 terminando
982 708 1011 733 in

93 754 225 779 omnibus
249 756 277 778 et
302 760 352 785 per
372 753 465 777 omnia
487 756 517 776 ut
541 760 627 784 supra
653 753 689 776 sit
710 754 737 776 et
754 760 814 777 esse
830 752 1011 786 intelligatur

88 801 228 831 perpetuo
247 797 340 829 quoad
365 797 555 821 omnimodam
581 796 783 821 iurisditionem
802 800 828 821 et
845 798 1010 822 l'acnltatem

87 841 247 873 jusdicendi
263 841 416 873 pascuandi
437 841 652 865 usufructuandi
668 844 696 865 et
714 841 1010 872 qumuodolibctcom-

91 886 245 919 mugnautli
262 886 387 917 ipsorum
403 884 435 908 de
452 885 573 916 Zopola,
594 893 644 916 per
666 892 694 908 se
715 885 759 908 uel
775 885 859 915 alios,
882 886 919 909 ita
936 886 1010 917 quod

92 938 144 955 nce
165 930 217 962 ipsi
240 929 272 954 de
287 928 377 952 Portu
393 931 420 952 et
436 928 624 954 Curianaonis
648 936 740 960 neque
759 929 803 953 alii
818 928 944 953 habeant
961 930 1009 953 ali*

92 974 166 1006 qnod
185 975 226 998 ius
241 973 351 997 dicendi
367 973 394 996 in
412 973 545 997 ciuilibus
562 974 607 998 uel
623 973 825 1005 criminalibus,
838 980 931 1006 neque
946 981 1009 997 cum

90 1018 130 1043 eis
151 1017 389 1050 commugnaudi‚
417 1018 541 1049 exceptis
568 1016 689 1049 propriis
714 1017 819 1049 pratis,
845 1018 945 1049 quibus
969 1018 1008 1042 uti

90 1062 145 1087 srui
163 1062 299 1090 debeant,
319 1069 372 1086 nec
388 1070 446 1086 non
461 1062 489 1086 in
504 1062 563 1086 aliis
579 1062 645 1087 locis
666 1069 872 1094 commuguare
887 1062 1009 1094 possint,

90 1108 122 1130 ut
138 1106 256 1130 inferius
273 1105 470 1130 declarabitur.
485 1105 557 1130 Item
573 1106 646 1138 quod
662 1108 744 1138 prata
762 1107 789 1130 et
805 1106 929 1137 quelibet
944 1115 1008 1138 pos

89 1148 231 1175 sessiones
250 1151 279 1173 et
304 1156 402 1173 mansa
430 1150 482 1173 site
508 1152 536 1174 et
561 1151 630 1181 sita,
660 1153 687 1174 et
705 1150 774 1174 citra
791 1157 821 1173 ac
839 1150 914 1174 ultra
935 1149 1008 1174 dicta

90 1193 212 1218 confinia
233 1193 411 1225 prefatarum
428 1193 645 1223 jurisditionum
670 1197 836 1218 remaneant
856 1197 883 1218 et
907 1194 1008 1218 sintin

89 1237 251 1262 omnimoda
271 1237 447 1269 proprietate
471 1238 649 1269 possessione
670 1246 724 1262 usu
750 1240 778 1262 et
802 1239 895 1262 fructu
911 1246 1007 1262 eorum

89 1289 211 1313 quorum
235 1283 301 1305 sunt
327 1281 374 1313 qui
395 1281 434 1306 eis
457 1285 594 1314 perpetuo
619 1283 707 1306 libere
731 1285 758 1307 et
786 1282 914 1306 absolute
939 1290 1008 1315 gau*

88 1325 153 1350 dere
176 1328 204 1350 et
224 1326 264 1349 uti
280 1325 390 1356 possint
411 1328 440 1350 et
458 1326 513 1350 frui
532 1328 677 1359 tamquam
701 1326 880 1358 proprietarii
897 1328 924 1351 et
943 1335 1006 1358 pos-

89 1377 215 1394 sessores
236 1377 298 1393 cum
324 1370 399 1394 omni
430 1378 528 1394 eorum
553 1371 674 1394 xtilitate
702 1377 754 1394 usu
776 1372 804 1395 et
826 1370 1008 1401 comoditate,

88 1414 125 1438 ita
144 1413 219 1445 quod
234 1413 324 1438 altera
339 1421 404 1446 pars
427 1421 476 1438 seu
503 1415 563 1438 eius
582 1414 688 1438 subditi
709 1421 759 1445 per
776 1421 805 1438 se
828 1414 872 1438 uel
889 1414 959 1438 alios
979 1414 1007 1437 in

89 1458 171 1483 dictis
194 1458 283 1489 pratis
305 1458 535 1489 possessionibus
558 1460 585 1482 et
600 1458 706 1482 mansis
723 1458 888 1482 nullomodo
917 1458 946 1482 in
964 1466 1006 1483 se-

89 1502 178 1526 cando
202 1502 430 1534 commugnando
455 1502 618 1534 pascuando
640 1510 689 1527 seu
715 1510 827 1534 quoquo
848 1502 902 1526 alio
923 1502 1006 1526 modo

83 1544 313 1571 usufructuando
342 1553 371 1570 se
393 1546 583 1571 intromittere
608 1546 736 1579 possint,
767 1546 889 1571 debeant
913 1555 1005 1578 neque

87 1590 201 1614 valeant
225 1589 277 1613 sub
294 1597 367 1621 pena
386 1590 472 1615 banni
499 1593 527 1615 et
549 1591 661 1615 soluere
685 1591 834 1622 dampnum
852 1599 934 1623 passo
950 1591 1005 1616 nisi

87 1635 116 1659 in
126 1633 309 1664 jusdicendo,
336 1634 401 1658 dum
419 1637 514 1659 tamen
535 1635 608 1659 intra
627 1635 764 1659 terminos
782 1642 831 1659 sue
849 1635 1005 1666 jurisditio-

86 1678 129 1703 nis
147 1680 179 1702 ut
195 1685 279 1710 supra
297 1678 350 1702 sita
368 1681 416 1703 aut
432 1679 484 1703 site
500 1679 615 1703 fuerint.
643 1678 715 1702 Item
735 1680 807 1710 quod
822 1682 923 1703 neutra
942 1687 1005 1711 par-

86 1723 157 1747 tium
172 1721 263 1754 possit
277 1722 357 1747 alteri
376 1723 450 1755 parti
465 1723 615 1747 collectam
632 1730 681 1747 seu
698 1723 809 1754 aliquod
819 1723 893 1747 aliud
903 1731 1003 1756 graua*

84 1774 149 1791 men
167 1765 328 1797 imponere,
347 1767 495 1791 occasione
510 1767 650 1791 dictorum
669 1774 833 1791 mansorum
849 1768 1003 1798 possessio-

84 1819 153 1835 num
178 1813 261 1842 atque
286 1813 430 1842 pratorum
455 1811 528 1834 intra
550 1819 615 1835 suos
639 1811 742 1835 limites
765 1811 884 1835 sitorum
912 1818 1003 1843 neque

86 1854 162 1879 aliud
178 1854 328 1886 quicquam
346 1855 378 1878 ad
397 1862 494 1879 eorum
512 1854 700 1886 preiudicium
715 1855 871 1879 machinari
889 1855 939 1879 sub
954 1863 1002 1887 pe-

83 1905 121 1922 na
137 1898 326 1930 infrascripta.
353 1898 390 1923 Et
406 1897 605 1932 intelligantur
622 1899 669 1924 illa
686 1907 748 1924 csse
763 1902 860 1931 prata,
878 1907 932 1932 que
950 1907 1002 1931 pro

83 1942 170 1974 pratis
188 1942 220 1966 ab
237 1942 352 1973 antiquo
371 1942 489 1966 suerunt
504 1945 583 1967 tenta
601 1945 629 1968 et
648 1950 779 1975 possessa
796 1943 881 1968 etiam
903 1943 935 1968 ab
954 1952 1002 1968 an-

83 1987 127 2010 nis
143 1987 238 2011 decem
256 1987 332 2010 citra.
358 1985 431 2010 Item
450 1987 522 2017 quod
539 1988 661 2020 exceptis
681 1991 708 2012 et
729 1987 882 2012 reseruatis
902 1996 1001 2021 supra-

84 2030 165 2055 dictis
183 2031 270 2063 pratis
286 2030 514 2062 possessionibus
530 2034 558 2055 et
575 2031 691 2061 mansis,
708 2039 760 2063 que
783 2040 846 2056 cum
865 2032 1002 2056 omnimo-

85 2074 120 2099 da
140 2075 315 2106 proprietate
341 2074 523 2106 possessione
545 2083 598 2099 usu
616 2078 644 2100 et
660 2076 798 2100 facultate
815 2076 873 2100 sint
891 2079 919 2100 et
939 2084 1000 2101 esse

86 2117 206 2143 debeant
227 2120 365 2151 perpetuo
388 2118 474 2143 libere
499 2121 526 2143 et
543 2119 672 2151 expedite
688 2127 787 2144 eorum
800 2128 918 2152 quorum
935 2123 1003 2145 sunt

85 2164 118 2186 ut
133 2162 261 2194 superius
278 2163 445 2188 declaratur.
467 2162 559 2187 Omne
574 2163 757 2195 territorium,
774 2164 849 2196 quod
869 2166 912 2189 est
928 2164 1003 2189 inter

87 2205 194 2230 dictum
204 2205 297 2239 Caput
312 2206 421 2240 paludis
439 2207 484 2231 ubi
505 2207 586 2240 signa
602 2210 781 2240 apponentur
796 2208 829 2233 tle
845 2216 899 2240 quo
917 2216 1002 2241 supra

85 2249 119 2273 fit
132 2250 236 2274 mentio
254 2253 283 2275 et
295 2251 437 2282 prefatum
456 2253 572 2283 pontem
586 2250 718 2283 Medune,
732 2259 785 2283 quo
801 2253 857 2277 itur
870 2252 1001 2277 Portum-

87 2293 188 2318 naonis
208 2294 244 2318 sit
269 2296 296 2318 et
316 2302 377 2320 esse
397 2295 499 2320 debeat
523 2303 671 2320 commune
704 2296 822 2321 subditis
852 2297 1001 2328 utriusque

85 2337 174 2368 partis
192 2337 326 2363 videlicet
347 2339 415 2363 dicti
437 2340 631 2371 capitaueatus
654 2342 683 2363 et
700 2339 875 2371 prefatorum
900 2340 933 2365 de
950 2340 1002 2364 Zo-

86 2380 152 2412 pola
168 2382 196 2405 et
212 2381 266 2406 hoc
286 2382 313 2406 in
330 2383 503 2414 pasculando
524 2383 722 2408 tantummodo
741 2384 779 2408 ita
793 2385 867 2416 quod
883 2386 1001 2416 utraque

87 2424 210 2455 partium
235 2428 263 2450 et
286 2434 384 2452 eorum
408 2427 511 2451 subditi
528 2427 641 2460 possint
658 2427 758 2452 ibidem
775 2427 862 2453 libere
887 2430 915 2453 ct
928 2429 1002 2460 paci-

88 2467 141 2492 fice
159 2468 188 2492 in
203 2469 334 2502 omnique
348 2472 476 2503 tempore
490 2472 639 2503 pasculare
657 2471 763 2503 absque
775 2472 869 2504 aliqua
884 2473 1002 2497 alterius

90 2511 177 2542 partis
191 2514 396 2539 contraditione
415 2514 474 2539 siue
492 2514 702 2548 impedimento,
725 2518 776 2540 ant
789 2516 896 2548 banno,
911 2524 1004 2548 neque

90 2555 208 2580 alieuius
231 2564 333 2582 census
357 2558 517 2589 solucione,
554 2562 668 2592 excepta
690 2562 893 2593 reseruataque
914 2561 1004 2586 omni-

92 2598 175 2622 moda
194 2598 375 2629 jurisditione
399 2609 452 2634 que
474 2604 534 2627 tam
560 2603 588 2628 in
610 2604 701 2635 pratis
729 2611 812 2635 quam
835 2604 901 2629 alibi
929 2605 1004 2630 inter

92 2641 180 2668 dictos
212 2642 314 2669 limites
346 2645 382 2671 sit
411 2648 440 2671 ct
471 2653 532 2672 esse
558 2647 660 2673 debeat
689 2646 884 2674 illustrissime
905 2648 1004 2675 domus

1080 311 1208 343 Austrie,
1237 312 1297 335 siue
1319 311 1383 334 dieti
1400 310 1616 342 Capitaneatus,
1645 315 1675 336 ut
1699 314 1828 346 superius
1847 315 2008 340 declaratur

1081 359 1108 380 et
1122 356 1196 379 infra
1212 355 1329 379 dicetur.
1358 354 1393 378 Et
1411 355 1541 379 similiter
1561 363 1591 379 ex
1608 357 1696 381 altera
1714 361 1796 390 parte
1818 366 1900 383 omne
1924 360 2007 384 terri-

1080 400 1201 429 torium,
1222 400 1295 431 quod
1313 400 1357 423 est
1373 398 1446 422 intra
1465 398 1657 423 Bassaldelam
1675 404 1703 424 ct
1723 401 1873 427 Medunam
1898 406 1925 428 et
1940 412 2005 436 pre-

1079 444 1254 468 nominatam
1274 444 1399 468 Stratam
1418 443 1588 475 Ragnsseti,
1616 452 1671 475 qua
1702 447 1733 469 ut
1754 447 1899 477 prefertur
1919 447 2004 478 juris-

1079 488 1148 512 ditio
1167 488 1314 519 utriusque
1333 487 1418 519 partis
1438 486 1587 518 diuiditur,
1609 489 1731 520 exceptis
1745 491 1832 520 pratis
1846 492 2006 522 possessio-

1079 532 1161 555 nibus
1182 534 1209 555 et
1231 532 1336 555 mansis
1353 538 1406 562 que
1428 534 1567 562 perpetuo
1583 531 1671 556 libere
1690 535 1717 556 et
1736 534 1862 565 expedite
1883 536 1911 559 in
1929 536 2005 560 omni

1080 583 1133 600 usu
1159 576 1253 599 fructu
1276 577 1304 600 et
1329 574 1501 599 comoditate
1525 575 1581 599 sint
1607 578 1634 599 et
1663 584 1724 601 esse
1750 577 1885 609 debeant,
1907 587 2003 604 eorum

1079 627 1199 651 quorum
1217 623 1283 643 sunt
1299 622 1329 643 ut
1348 620 1478 651 superius
1500 627 1662 651 expressum
1679 623 1736 652 est,
1765 622 1801 645 sit
1825 625 1853 647 et
1880 630 1940 647 csse
1958 623 2005 648 de-

1076 663 1144 687 beat
1164 671 1313 688 ‹rotumune
1337 664 1457 687 subditis
1490 664 1638 695 utriusque
1670 665 1803 690 videlicet
1834 666 1899 690 dicti
1927 667 2001 699 capi-

1078 710 1207 731 taneatus
1229 710 1257 731 et
1280 708 1455 738 prefatorum
1483 708 1515 732 de
1531 708 1639 739 Zopula
1666 711 1693 732 ct
1717 708 1770 732 boc
1791 709 1818 733 in
1838 711 2002 742 pascuando

1077 752 1288 783 tantummodo,
1313 751 1350 775 ita
1368 752 1443 783 quod
1461 756 1581 783 utraque
1597 753 1719 784 partium
1738 756 1765 777 et
1784 762 1880 778 eorum
1897 755 2003 780 subditi

1076 796 1188 827 possint
1206 796 1307 820 ibidem
1333 794 1422 820 libere
1449 799 1476 820 ct
1501 795 1616 828 pacifice
1641 796 1669 820 in
1694 797 1770 820 omni
1789 801 1917 830 tempore
1937 807 2002 831 pas-

1077 847 1179 870 cuare,
1208 840 1312 871 absque
1338 839 1430 872 aliqua
1456 841 1572 865 alterius
1590 841 1678 872 partis
1700 842 1923 866 contradictione
1941 842 2002 868 siue

1076 884 1278 916 impedimento
1299 887 1346 908 aut
1364 884 1468 916 banno,
1485 892 1576 916 neque
1593 885 1710 909 alicuius
1727 893 1830 910 census
1851 887 2001 919 solutione,

1077 930 1193 960 excepta
1213 931 1415 960 reseruataque
1433 928 1595 953 omnimoda
1617 929 1806 959 iurisditione,
1829 938 1881 961 que
1902 932 2002 956 tamin

1075 973 1164 1004 pratis
1181 980 1264 1004 quam
1281 972 1346 996 alibi
1368 973 1442 997 intra
1464 972 1552 998 dictos
1574 973 1676 997 limites
1701 973 1738 997 sit
1759 976 1787 998 et
1811 981 1873 999 esse
1898 975 2002 1000 debeat

1075 1017 1215 1041 dictorum
1236 1016 1270 1041 de
1289 1017 1395 1049 Zopola
1418 1019 1449 1041 ut
1470 1017 1614 1048 prefertur
1637 1020 1665 1041 et
1686 1017 1795 1041 dicetur
1818 1018 1898 1043 infra.
1925 1019 2000 1044 Item

1075 1060 1149 1092 quod
1172 1061 1256 1088 liceat
1279 1060 1392 1092 utrique
1419 1062 1492 1093 parti
1512 1061 1615 1093 piscari
1641 1061 1668 1085 in
1694 1060 1858 1087 fluminibus
1872 1062 1999 1089 Medune

1074 1107 1102 1128 et
1124 1104 1288 1129 Bassaldele
1312 1105 1341 1129 in
1364 1104 1436 1129 locis
1463 1106 1509 1129 ubi
1534 1105 1618 1130 simul
1640 1106 1853 1130 communicant
1871 1107 1899 1131 in
1918 1108 1999 1133 dictis

1075 1148 1153 1180 aquis
1175 1150 1203 1172 et
1225 1157 1283 1173 non
1306 1148 1335 1173 in
1353 1149 1413 1174 aliis
1432 1149 1546 1181 proprie
1569 1149 1758 1180 jurisditionis
1775 1151 1891 1175 alterius
1908 1150 1997 1176 dicta—

1072 1201 1136 1217 rum
1151 1193 1293 1225 partium,
1322 1195 1350 1217 et
1372 1194 1393 1217 si
1417 1194 1511 1225 aliqua
1534 1194 1658 1226 ipsarum
1680 1202 1711 1218 ex
1735 1193 1833 1218 affiatu
1856 1195 1998 1220 dictarum

1072 1244 1205 1269 aquarum
1231 1238 1423 1262 communium
1445 1246 1495 1270 pro
1520 1238 1657 1270 piscando
1684 1238 1730 1262 uel
1760 1239 1843 1263 aliter
1867 1241 1997 1271 quamvis

1071 1281 1237 1313 pensionem
1258 1281 1400 1314 reciperet
1424 1282 1562 1314 equaliter
1587 1283 1661 1306 inter
1683 1290 1729 1307 eas
1751 1282 1902 1309 diuidatur.
1924 1283 1998 1309 Item

1073 1325 1148 1357 quod
1166 1326 1290 1356 quelibet
1304 1326 1426 1357 partium
1451 1327 1541 1358 possit
1559 1327 1669 1360 erigere
1689 1327 1784 1359 rippas
1806 1335 1821 1351 a
1837 1328 1926 1352 latere
1944 1336 1996 1353 suo

1074 1377 1123 1401 pro
1144 1378 1172 1394 se
1187 1369 1364 1394 defendendo
1383 1371 1417 1394 ab
1441 1370 1519 1402 aquis
1540 1373 1569 1394 et
1590 1379 1649 1395 non
1672 1372 1784 1403 possint
1809 1370 1871 1396 fieri
1891 1372 1997 1404 penelli

1072 1414 1101 1438 in
1115 1413 1278 1438 fluminibus
1305 1416 1352 1438 aut
1375 1414 1450 1439 aliud
1476 1422 1564 1446 opus,
1591 1415 1665 1446 quod
1683 1415 1883 1447 dampnificata
1905 1417 1999 1448 possit

1072 1458 1189 1482 alteram
1205 1460 1323 1489 partem.
1351 1457 1422 1483 Item
1448 1459 1522 1490 quod
1543 1460 1623 1484 nulla
1646 1460 1769 1491 partium
1792 1459 1852 1484 sine
1876 1460 1996 1485 alterius

1071 1504 1160 1534 partis
1190 1510 1333 1527 consensu
1355 1503 1447 1534 possit
1473 1503 1517 1527 vel
1545 1503 1646 1527 debeat
1666 1503 1817 1528 admittere
1844 1506 1996 1529 extraneos

1071 1547 1227 1578 piscatores
1249 1546 1277 1570 in
1299 1546 1381 1571 dictis
1399 1547 1477 1578 aquis
1494 1547 1701 1577 communibus,
1726 1548 1780 1571 nisi
1797 1555 1848 1580 per
1866 1548 1937 1573 viam
1955 1549 1997 1574 lo-

1072 1590 1190 1615 cationis
1212 1592 1240 1614 et
1266 1590 1503 1615 communicando
1526 1592 1691 1624 pensionem
1718 1594 1749 1615 ut
1772 1600 1873 1623 supra,
1903 1593 1995 1624 possit

1071 1637 1166 1659 tamen
1187 1643 1238 1667 pro
1262 1642 1316 1659 usu
1341 1638 1369 1659 et
1391 1635 1563 1660 necessitate
1582 1636 1639 1659 suis
1659 1636 1762 1667 piscari
1785 1636 1880 1660 facere
1897 1639 1925 1661 et
1938 1636 1996 1668 pis-

1072 1678 1128 1703 cari
1151 1679 1210 1703 sine
1230 1679 1288 1702 ulla
1314 1679 1456 1703 solutione
1476 1680 1557 1704 alteri
1572 1679 1645 1711 parti
1665 1679 1802 1705 facienda.
1826 1679 1900 1704 Item
1916 1681 1993 1712 quod

1071 1723 1092 1746 si
1110 1731 1164 1754 qua
1182 1723 1307 1755 partium
1323 1723 1351 1746 in
1368 1723 1534 1748 fluminibus
1552 1726 1580 1748 et
1603 1723 1682 1755 aquis
1706 1724 1820 1756 proprie
1834 1723 1993 1754 jurisditio-

1070 1768 1112 1792 nis
1135 1767 1252 1791 alterius
1272 1767 1378 1798 absque
1396 1768 1514 1792 licencia
1537 1768 1625 1800 ipsius
1642 1768 1720 1792 cuius
1734 1767 1874 1798 jurisditio
1890 1769 1925 1792 sit
1939 1769 1997 1800 pis-

1069 1814 1129 1836 cata
1149 1811 1235 1835 fuerit
1253 1818 1304 1843 per
1325 1819 1354 1835 se
1378 1812 1422 1835 vel
1447 1812 1514 1836 alios
1537 1812 1690 1845 dampnum
1716 1812 1775 1836 sive
1791 1819 1894 1844 penam
1911 1812 1993 1836 alteri

1068 1855 1141 1886 parti
1164 1855 1330 1879 soluendam
1351 1855 1483 1880 librarum
1506 1857 1663 1881 solidorum
1682 1856 1779 1881 decem
1796 1864 1848 1888 pro
1869 1857 1995 1888 qualibet

1068 1899 1127 1924 vice
1147 1899 1326 1924 committere
1347 1903 1375 1924 et
1394 1900 1540 1926 incurrere
1560 1901 1741 1933 intelligatur
1766 1902 1794 1925 et
1814 1901 1926 1925 amittat
1948 1908 1992 1924 re-

1068 1944 1107 1968 tia
1126 1946 1154 1968 ct
1175 1944 1231 1968 alia
1254 1943 1443 1970 instrumenta
1467 1953 1530 1969 cnm
1561 1944 1662 1976 quibus
1690 1944 1728 1968 sic
1752 1945 1862 1976 piscata
1895 1944 1992 1971 fuerit.

1067 1987 1139 2013 Item
1157 1988 1230 2020 quod
1248 1994 1317 2019 aqua
1333 1987 1457 2012 Medune
1476 1988 1635 2021 incipiendo
1656 1995 1670 2012 a
1683 1987 1781 2020 Capite
1799 1988 1910 2020 paludis
1926 1996 1990 2013 νει·-

1069 2041 1116 2057 sus
1132 2032 1270 2064 Zopolam
1287 2035 1338 2057 etc⁴
1362 2035 1393 2057 ut
1412 2040 1463 2065 per
1481 2033 1563 2066 sigua
1580 2031 1724 2065 affigenda
1739 2032 1937 2065 designabitur
1955 2032 1992 2057 sit

1067 2077 1097 2101 in
1116 2075 1240 2101 dominio
1267 2081 1294 2101 et
1319 2076 1480 2101 omnimoda
1500 2076 1682 2108 jurisditione
1708 2078 1736 2101 et
1756 2076 1892 2101 facultate
1919 2076 1992 2107 ipso-

1067 2129 1129 2145 rum
1144 2120 1178 2145 de
1195 2121 1302 2153 Zopola
1323 2120 1424 2145 abinde
1440 2128 1507 2144 uero
1526 2121 1599 2145 infra
1617 2128 1716 2145 versus
1731 2122 1847 2152 pontem
1864 2119 1989 2144 Medune

1068 2164 1227 2197 incipiendo
1251 2172 1266 2188 a
1286 2164 1365 2189 dictis
1390 2164 1518 2189 terminis
1538 2172 1630 2196 usque
1647 2164 1680 2189 ad
1701 2164 1794 2188 locum
1811 2164 1857 2187 ubi
1875 2163 1989 2189 Bassa]-

1067 2209 1130 2234 dela
1144 2210 1233 2234 intrat
1245 2208 1398 2233 Medunam
1424 2209 1461 2232 sit
1485 2209 1645 2233 communis
1669 2216 1732 2232 cum
1749 2208 1809 2239 ipsa
1825 2207 1991 2233 Bassaldela

1067 2260 1099 2277 eo
1117 2253 1181 2284 quia
1195 2253 1325 2285 prefatus
1346 2252 1540 2284 capitaneatus
1566 2252 1652 2276 habet
1670 2251 1879 2276 iurisditionem
1901 2254 1929 2276 et
1943 2252 1989 2276 do-

1067 2297 1183 2321 minium
1209 2297 1243 2321 ab
1270 2305 1326 2321 uno
1350 2297 1454 2326 latere,
1481 2298 1509 2320 et
1529 2296 1568 2320 illi
1592 2296 1624 2319 de
1640 2296 1747 2327 Zopola
1767 2295 1800 2319 ab
1815 2295 1870 2320 alio
1889 2296 1987 2329 latere,

1067 2349 1082 2366 a
1099 2341 1173 2365 dicto
1189 2348 1256 2365 vero
1280 2341 1342 2365 loco
1360 2340 1407 2364 ubi
1429 2339 1594 2364 Bassaldela
1614 2340 1701 2363 intrat
1717 2338 1751 2363 ad
1766 2338 1919 2364 Medunam
1941 2347 1989 2364 us-

1067 2393 1121 2417 que
1142 2386 1176 2409 ad
1197 2384 1304 2409 dictum
1324 2386 1441 2417 pontem
1464 2387 1492 2408 et
1516 2384 1590 2408 infra
1615 2383 1652 2408 sit
1673 2383 1763 2408 solum
1790 2383 1986 2415 capitaneatus

1068 2429 1274 2453 Portnsnaonis
1290 2429 1318 2452 in
1334 2428 1493 2453 omnimoda
1503 2427 1697 2458 jurisditione,
1714 2427 1838 2452 dominio
1855 2429 1883 2451 et
1899 2428 1988 2460 plena

1068 2473 1214 2498 facultate.
1247 2471 1320 2496 Item
1346 2472 1420 2504 quod
1447 2472 1512 2496 dicti
1538 2472 1572 2496 de
1600 2471 1707 2504 Zopola
1736 2472 1798 2496 sine
1830 2470 1986 2503 preiudicio

1069 2516 1254 2542 iurisditionis
1285 2516 1350 2540 dicti
1381 2516 1575 2547 capitaneatus
1602 2516 1713 2548 possint
1741 2523 1771 2540 se
1793 2522 1928 2546 reparare
1955 2515 1989 2539 ab

1069 2568 1141 2593 aqua
1155 2560 1295 2591 Medune,
1321 2559 1431 2592 quando
1446 2567 1517 2592 opus
1531 2559 1637 2590 fuerit,
1656 2567 1692 2584 ne
1712 2560 1750 2584 eis
1767 2559 1840 2584 dicta
1856 2566 1928 2590 aqua
1945 2559 1990 2583 in—

1070 2605 1142 2631 ferat
1156 2605 1309 2637 dampnum
1327 2604 1356 2628 in
1371 2611 1468 2628 eorum
1484 2604 1574 2636 pratis
1597 2604 1657 2628 sitis
1673 2602 1702 2628 in
1723 2602 1903 2635 jurisditione
1924 2603 1992 2627 dicti

1070 2649 1266 2682 capitaneatus
1277 2667 1285 2681 ,
1313 2648 1421 2673 nemini
1436 2650 1534 2674 tamen
1549 2647 1752 2681 preiudicando
1769 2654 1822 2671 nec
1838 2647 1992 2680 dampnum

1790 2691 1808 2716 S
