2235 2859
501 139 711 197 Anhang.
742 138 902 194 Konig
932 136 1180 180 Friedrich
1200 137 1290 181 IV.
1324 151 1431 192 1442,
1450 152 1546 198 Juny
1564 154 1622 187 21.

1913 161 1995 194 XXI

122 229 1995 262 Ἥ-Ἢ

104 295 208 313 novum
232 291 260 313 et
282 289 350 323 ipsis
373 290 480 314 civibus
511 290 691 323 Aquensibus
719 290 787 314 alias
819 290 1017 314 inconsuetum

103 331 268 358 theloneum
288 335 400 366 exigere
415 335 516 359 debeat
534 335 712 367 velrecipere
733 342 782 359 seu
802 333 889 358 eciam
902 342 1017 365 quomo-

103 375 207 401 dolibet
225 378 379 409 postulare.
400 378 532 403 Ceterum
558 387 621 403 cum
648 379 709 411 ipsa
728 378 826 403 civitas
846 377 1017 410 Aquisgrani

103 419 140 444 sit
166 420 247 446 sedes
272 422 356 455 regni
382 424 459 447 trans
487 423 585 455 alphes
618 423 719 447 existat
746 430 761 447 a
789 424 887 447 sancto
914 421 1016 446 Karolo

102 472 206 499 magno
226 466 419 491 Romanorum
438 468 607 500 imperatore
627 470 711 498 caput
730 468 855 492 oninium
872 467 1017 491 civitatum

105 512 133 534 et
156 510 367 542 'probinciarum
388 511 476 536 Gallie
503 511 632 535 instituta
658 511 775 544 dignum
795 511 967 536 arbitramur
988 515 1018 536 ut

104 554 165 587 ipsa
193 555 362 587 specialibus
390 555 539 580 decoretur
557 556 745 589 prerogativis
766 558 794 580 et
813 556 875 581 ideo
895 556 1016 589 gratiam

105 598 173 630 ipsis
193 599 298 623 civibus
320 600 442 625 eiusdem
459 600 579 624 civitatis
590 599 730 632 Aquensis
749 608 800 632 per
821 602 936 624 nostros
955 608 1017 632 prc-

105 643 268 668 decessores
288 644 351 668 dive
371 644 504 668 memorie
519 643 713 669 Romanorum
732 645 917 676 imperatores
934 647 961 669 et
975 652 1017 669 re-

106 696 158 722 ges
180 687 283 713 factam
306 690 333 713 et
342 695 505 713 concessam
523 688 655 713 videlicet
664 688 738 720 quod
757 688 808 720 ipsi
820 688 896 712 cives
908 689 1018 720 Aquen-

106 740 149 758 ses
171 732 358 758 communiter
377 732 423 757 vel
443 732 552 756 divisim
574 734 602 757 et
621 740 716 757 eorum
733 732 805 757 bona
824 741 875 765 pro
896 740 1019 764 quacun-

105 785 159 808 que
180 785 263 802 causa
281 784 330 801 seu
348 776 439 801 causis
456 779 532 801 extra
543 776 684 801 civitatem
694 776 855 809 Aquensem
865 777 1018 809 predictam

107 830 201 847 coram
216 822 295 846 nobis
312 821 356 845 vel
370 821 475 851 judicio
492 822 570 846 curie
590 824 687 846 nostre
708 822 811 853 regalis
836 825 883 846 aut
907 829 1018 846 succes-

107 874 203 891 sorum
219 868 381 890 nostrorum
397 868 446 889 aut
463 865 684 898 quibuscumque
700 866 761 890 aliis
778 866 918 897 judicibus
934 868 962 890 et
973 866 1019 897 ju-

105 909 183 937 diciis
200 917 309 935 exnunc
327 909 355 934 in
371 913 453 934 antea
471 910 504 934 ad
519 910 681 934 instantiam
697 910 890 942 cuiuscunque
903 918 961 934 non
971 910 1018 934 de-

101 956 186 980 beant
201 954 278 979 citari
295 954 340 979 vel
361 955 480 986 evocari,
499 954 687 986 approbamus
712 959 740 979 et
756 953 923 979 auctoritate
939 954 1020 987 regia

105 998 304 1024 confirmanius
329 1005 360 1023 ac
377 998 410 1022 de
433 1007 508 1023 novo
527 1007 578 1031 per
598 1002 747 1031 presentes
768 999 948 1023 concedimus
971 1006 1020 1032 ge-

102 1051 202 1068 nerose
223 1043 406 1067 decernentes
428 1050 561 1075 expresse
591 1047 619 1068 et
648 1043 778 1068 volentes
801 1043 873 1075 quod
899 1043 927 1068 in
951 1051 1017 1068 casu

103 1096 157 1120 quo
173 1087 226 1120 ipsi
246 1087 320 1112 eires
338 1086 484 1119 Aquenses
503 1088 690 1112 communiter
712 1088 756 1111 vel
771 1087 879 1112 divisim
894 1096 943 1120 pro
958 1088 1017 1119 qui-

102 1133 278 1164 buscumque
295 1132 387 1156 causis
400 1133 427 1156 et
445 1132 629 1163 querimoniis
645 1140 737 1156 coram
754 1131 833 1156 nobis
851 1134 898 1156 aut
909 1131 1015 1162 judicio

102 1180 199 1201 nostre
210 1175 286 1200 curie
296 1176 400 1208 regalis
417 1179 791 1201 successorummostrorum
806 1183 854 1200 seu
871 1176 931 1199 aliis
942 1176 1017 1206 judi--

100 1223 148 1247 ciis
159 1222 373 1253 quibuscunque
390 1220 550 1244 nominibus
562 1223 734 1244 censeantur
749 1219 826 1245 citati
847 1223 875 1245 et
885 1221 1015 1252 occupati

102 1266 211 1291 fuerint
226 1265 301 1297 quod
319 1272 351 1289 ex
370 1267 438 1289 tunc
454 1273 506 1288 nos
526 1267 553 1288 et
574 1271 752 1288 successores
771 1265 863 1290 nostri
884 1268 912 1289 et
935 1264 1017 1290 iudex

99 1309 175 1334 curie
199 1309 305 1342 regalis
332 1310 360 1333 et
385 1308 431 1332 alii
449 1307 559 1338 judices
579 1307 751 1338 judiciorum
775 1317 1015 1341 quorumcumque

100 1354 146 1386 qni
165 1361 215 1386 pro
233 1356 360 1384 tempore
381 1352 487 1377 fuerint
508 1355 639 1384 pretextu
657 1352 820 1377 huiusmodi
845 1353 1014 1378 citationum

99 1400 128 1422 et
144 1397 381 1430 querimoniarum
398 1398 494 1420 contra
511 1396 585 1420 cives
597 1398 624 1420 et
638 1396 780 1421 civitatem
789 1395 937 1428 Aquenses
952 1404 1015 1428 pre-

99 1442 187 1466 dictos
209 1440 398 1466 communiter
419 1440 463 1464 vel
488 1440 598 1464 divisim
617 1440 791 1472 judicialiter
811 1443 840 1465 et
867 1441 1016 1465 debeamus

97 1485 250 1518 procedere
267 1492 319 1509 nec
334 1484 379 1508 alii
393 1482 503 1514 judices
518 1484 678 1516 quicunque
694 1485 751 1508 sint
767 1485 810 1509 vel
827 1484 935 1509 suerint
948 1492 1014 1509 con-

98 1533 144 1555 tra
161 1537 208 1554 eos
224 1529 367 1554 vllatenus
382 1528 536 1560 procedant
550 1535 642 1560 neque
661 1531 759 1553 contra
771 1531 934 1560 presentem
951 1537 1014 1563 gra*

94 1574 163 1599 tiam
179 1573 330 1606 procedere
348 1572 468 1597 debeant
484 1572 696 1604 quomodolibet
714 1573 760 1598 vel
774 1576 948 1605 presumant,
965 1574 1015 1599 sed

97 1620 209 1644 actores
227 1619 256 1642 et
279 1616 443 1642 eorumdem
462 1615 565 1641 rivium
582 1616 755 1641 adversarios
776 1617 809 1641 ad
821 1617 959 1648 judicium
977 1617 1014 1642 ci-

94 1662 191 1687 vitatis
207 1661 345 1693 Aquensis
357 1661 480 1692 predicte
496 1660 640 1685 remittere
654 1663 682 1685 et
697 1661 798 1685 ibidem
813 1669 905 1686 coram
921 1661 1015 1692 judice

97 1708 126 1731 et
144 1704 267 1730 scabinis
285 1704 407 1728 ciusdem
424 1704 545 1729 civitatis
562 1703 701 1736 Aquensis
721 1713 772 1737 pro
783 1713 868 1730 causa
885 1714 936 1730 seu
951 1713 1017 1730 cau·

95 1750 133 1774 sis
150 1749 287 1781 recipiant
306 1747 413 1772 iustitie
438 1749 678 1781 complementum
706 1749 760 1773 nisi
786 1749 854 1781 ipsis
872 1750 1016 1775 actoribus

93 1801 189 1818 coram
206 1793 298 1824 judice
309 1792 429 1817 scabinis
442 1795 469 1816 et
479 1792 585 1823 judicio
599 1791 726 1824 Aquensi
745 1793 831 1818 suerit
843 1793 954 1824 justitia
970 1794 1016 1818 de-

84 1840 207 1871 negata,
226 1837 340 1868 insuper
361 1836 424 1868 quia
446 1836 572 1868 predicta
591 1835 688 1860 clvitas
707 1837 845 1868 Aquensis
866 1837 895 1862 in
912 1837 1016 1863 finibus

102 1882 175 1906 sacri
191 1880 312 1905 Romani
329 1880 437 1912 imperii
454 1878 549 1904 existit
565 1879 666 1905 situata
684 1883 711 1905 et
727 1888 809 1913 quam
823 1881 953 1914 pluribus
969 1882 1017 1907 do-

91 1925 176 1950 minis
192 1924 326 1948 dominiis
344 1931 375 1948 ac
391 1924 540 1949 territoriis
552 1924 724 1949 circumdata
738 1928 856 1958 propter
871 1925 946 1958 quod
961 1926 1017 1951 dic-

91 1971 128 1994 tis
143 1968 250 1994 nostris
280 1968 388 1992 civibus
408 1970 436 1992 et
451 1976 549 1992 eorum
567 1968 685 1993 subditis
696 1969 886 1994 necessarium
902 1978 963 1995 esse
978 1971 1016 1995 di-

91 2013 218 2038 noscitur
233 2020 262 2036 se
280 2020 348 2045 erga
363 2012 475 2037 eosdem
492 2013 617 2037 dominos
629 2015 657 2038 et
671 2013 790 2038 dominia
807 2014 968 2039 eorumdem
985 2015 1014 2040 in

72 2074 75 2077 ι
92 2054 167 2082 omni
184 2056 408 2081 mansuetudine
425 2058 453 2080 et
469 2055 661 2081 benivolentia
677 2057 869 2091 favorabiliter
883 2059 1013 2083 exhibere

90 2103 122 2126 ut
135 2101 188 2133 ipsi
203 2100 236 2125 ad
254 2108 302 2125 eos
318 2100 439 2124 transire
455 2103 483 2124 et
499 2100 573 2125 inter
589 2101 651 2125 illos
665 2101 752 2126 libere
768 2105 797 2126 et
810 2101 930 2133 pacifice
945 2111 1011 2127 con-

89 2143 199 2170 versari
215 2153 266 2170 nec
281 2152 337 2169 non
355 2144 584 2169 communionem
602 2153 665 2169 curn
683 2145 898 2178 quibuscunque
914 2154 1011 2178 perso-

90 2190 134 2214 nis
153 2188 182 2213 in
202 2189 271 2213 locis
292 2188 499 2213 habitationum
523 2189 684 2213 earumdem
707 2189 810 2214 habere
824 2197 944 2222 suasque
962 2198 1011 2215 ne-

89 2233 260 2266 gotiationes
276 2232 390 2256 valeant
407 2240 537 2256 exercere
554 2232 620 2257 hinc
638 2235 682 2257 est
697 2233 771 2265 quod
786 2241 926 2266 generose
943 2242 1009 2259 con-

89 2276 213 2302 cedimus
231 2277 314 2301 dictis
335 2276 443 2300 civibus
460 2279 488 2300 et
505 2276 610 2301 civitati
628 2276 752 2308 Aquensi
767 2277 800 2302 de
814 2280 911 2302 nostre
927 2281 1008 2311 pote-

89 2321 169 2345 statis
190 2320 373 2353 plenitudine
389 2320 494 2354 regalis
510 2320 798 2355 eisdemindulgendo
814 2322 889 2355 quod
905 2323 957 2354 ipsi
972 2323 1008 2347 ci-

89 2372 136 2389 ves
151 2365 375 2389 communionem
399 2366 427 2389 et
450 2365 658 2399 negotiationes
680 2373 743 2390 suas
763 2369 940 2399 supratactas
956 2367 1007 2392 ha-

90 2408 176 2433 beant
191 2410 220 2433 et
238 2411 386 2434 exerceant
402 2417 464 2434 cum
484 2410 613 2442 personis
629 2410 772 2442 prelibatis
790 2413 818 2435 et
837 2411 911 2443 quod
932 2411 1006 2436 idem

89 2453 163 2477 cives
185 2453 255 2478 nulli
282 2453 429 2478 hominum
455 2454 650 2485 cuiuscunque
673 2456 763 2478 status
787 2453 934 2488 dignitatis
958 2458 1006 2482 aut

85 2496 292 2528 preeminencie
305 2497 394 2521 fuerit
403 2497 512 2522 ratione
523 2500 553 2522 et
567 2498 715 2522 occasione
732 2498 816 2523 banni
836 2501 863 2524 et
879 2500 1005 2526 eiusdem

85 2538 301 2573 aggrauationis
325 2548 376 2566 seu
397 2541 618 2566 surbannitionis
643 2544 740 2566 nostre
759 2542 835 2567 curie
859 2551 1003 2570 successo-

82 2591 201 2615 rumque
211 2586 369 2610 nostrorum
386 2588 434 2610 aut
450 2586 569 2611 aliorum
588 2586 755 2616 judiciorum
767 2586 1001 2622 qualitercunque

1084 288 1292 315 nominatorum
1311 291 1502 317 assistentiam
1524 302 1574 318 seu
1599 294 1753 321 subsidium
1768 298 1860 323 facere
1877 299 1996 325 debeant

1085 340 1133 356 seu
1148 334 1448 360 teneantur.Preterea
1464 338 1582 368 prefatis
1593 339 1700 365 civibus
1712 343 1891 367 concedimus
1910 348 1937 369 et
1955 346 1998 370 be?

1084 374 1200 409 nignius
1218 378 1398 413 indulgemus
1412 381 1509 405 eadem
1522 384 1687 408 auctoritate
1702 394 1754 417 per
1766 391 1913 419 presentes
1925 390 1997 420 quod

1084 421 1106 444 si
1133 429 1184 452 que
1207 430 1329 454 persone
1350 423 1544 457 cuiuscunque
1575 427 1669 452 forent
1693 429 1838 463 dignitatis
1863 432 1891 457 in
1916 433 1997 458 dictis

1085 464 1178 489 banno
1205 469 1231 490 et
1254 467 1469 493 surbannicione
1493 469 1576 495 banni
1604 471 1770 499 denunt-iate
1802 476 1873 500 infra
1897 478 1997 502 dictam

1083 508 1242 540 Aquensem
1261 512 1389 537 venirent
1406 513 1547 539 civitatem
1566 522 1630 540 suas
1646 523 1744 541 causas
1756 520 1784 543 et
1799 522 1913 553 negotia
1931 523 1996 546 inibi

1083 551 1225 578 directure
1244 558 1271 579 et
1290 556 1425 581 facientes
1442 558 1515 589 quod
1529 560 1638 584 easdem
1658 568 1793 593 personas
1812 563 1885 589 dicte
1903 569 1998 591 nostre

1083 596 1205 622 civitatis
1227 599 1302 623 rives
1324 599 1409 625 libere
1428 604 1457 625 et
1472 602 1586 634 impune
1601 605 1728 636 recipere
1744 609 1840 632 tenere
1859 611 1887 633 et
1902 609 1984 643 bos-pi

1083 642 1135 666 tari
1155 650 1185 666 ac
1199 651 1262 667 cum
1277 644 1382 669 eisdem
1397 647 1622 672 communionem
1639 649 1743 674 babere
1766 659 1818 676 nec
1834 661 1891 677 non
1910 662 1996 687 nego-

1083 686 1216 710 tiationes
1227 695 1291 712 suas
1300 695 1429 714 exercere
1439 691 1549 722 possint
1565 695 1593 716 et
1603 693 1715 718 valeant
1730 696 1757 718 et
1767 696 1839 727 quod
1850 702 1998 730 propterea

1083 731 1165 756 iidem
1183 732 1273 756 nostri
1296 733 1372 757 cives
1388 733 1534 766 Aquenses
1554 739 1681 762 nostram
1698 740 1725 762 et
1740 747 1934 766 successorum
1951 751 1999 768 no<

1081 777 1205 802 strorum
1220 778 1413 803 Romanorum
1432 779 1634 813 imperatorum
1655 785 1683 806 et
1698 791 1799 817 regum
1822 793 1872 810 seu
1891 786 1999 819 imperii

1083 820 1309 855 indignationem
1334 823 1422 847 eciam
1444 832 1547 855 penam
1568 825 1689 857 aliquam
1713 831 1812 853 contra
1839 834 2000 863 receptores

1084 866 1183 890 talium
1198 868 1226 890 et
1239 868 1478 892 communicantes
1490 876 1552 893 cum
1567 870 1623 894 illis
1643 873 1852 903 promulgatam
1869 883 1917 899 seu
1934 885 1999 908 profi

1083 910 1266 943 mulgandam
1280 919 1337 935 non
1353 912 1500 937 incurrant
1516 922 1569 938 nec
1587 923 1601 938 a
1618 915 1698 939 nobis
1716 920 1765 941 aut
1775 918 1879 943 eisdem
1895 922 1999 945 nostris

1083 955 1294 979 successoribus
1309 962 1359 979 seu
1379 955 1472 986 judice
1491 958 1567 982 curie
1584 962 1681 984 nostre
1704 969 1754 985 seu
1777 962 1999 996 quibuscumque

1079 997 1222 1028 judicibus
1242 999 1302 1023 aliis
1321 1002 1370 1024 aut
1395 1000 1487 1025 eciam
1505 1002 1646 1027 actoribus
1665 1006 1693 1027 et
1711 1008 1949 1037 conquerentibus
1969 1018 1999 1033 na

1082 1044 1162 1074 parte
1185 1043 1327 1067 vllatenus
1351 1043 1538 1075 impetiantur
1555 1046 1790 1079 dampnificentur
1806 1050 1999 1082 inquietentur

1083 1095 1133 1112 seu
1150 1087 1361 1118 quomodolibet
1370 1089 1715 1119 molestentur-uolumus
1735 1096 1830 1119 tamen
1850 1097 1924 1127 quod
1949 1098 1999 1129 ipsi

1082 1131 1413 1164 liurgimagistriscabini
1430 1136 1458 1158 et
1475 1135 1607 1159 consules
1625 1137 1748 1161 eiusdem
1763 1142 1861 1163 nostre
1877 1141 1996 1165 civitatis

1082 1175 1147 1199 dum
1165 1175 1286 1207 desuper
1308 1184 1360 1210 per
1385 1180 1494 1202 actores
1518 1187 1567 1204 seu
1584 1187 1683 1205 eorum
1699 1182 1814 1206 nomine
1830 1183 1936 1209 fuerint
1956 1194 1998 1209 re<

1081 1219 1176 1250 quisiti
1191 1219 1272 1243 dictis
1289 1220 1410 1245 bannitis
1429 1225 1457 1245 et
1471 1223 1643 1248 surbannitis
1659 1228 1786 1258 tempore
1804 1228 1995 1259 requisitionis

1081 1262 1239 1287 huiusmodi
1254 1264 1283 1288 in
1300 1265 1359 1296 ipsa
1374 1265 1487 1290 civitate
1498 1269 1615 1299 repertis
1631 1269 1761 1294 intimare
1771 1271 1914 1296 debebunt
1925 1276 1997 1305 quod

1081 1307 1132 1339 ipsi
1149 1307 1222 1332 infra
1239 1312 1302 1333 octo
1320 1309 1378 1333 dies
1396 1317 1427 1334 ex
1445 1313 1513 1334 tunc
1532 1314 1561 1335 et
1584 1312 1737 1338 inmediate
1762 1320 1914 1346 sequentes
1931 1327 1994 1343 cum

1081 1359 1179 1376 eorum
1194 1353 1322 1384 personis
1338 1355 1366 1378 et
1383 1355 1466 1379 rebus
1483 1355 1584 1380 dictam
1600 1361 1698 1382 exeant
1715 1358 1867 1390 civitatem,
1883 1363 1955 1393 quud
1976 1365 1997 1387 si

1080 1394 1188 1420 banniti
1209 1396 1300 1421 farere
1323 1405 1379 1422 non
1398 1400 1559 1424 curaverint
1579 1404 1607 1424 et
1627 1401 1727 1426 ibidem
1751 1403 1780 1427 in
1795 1404 1907 1430 civitate
1925 1408 1999 1432 ultra

1080 1439 1240 1464 huiusmodi
1257 1443 1320 1465 octo
1332 1442 1389 1466 dies
1400 1444 1610 1474 permanserint
1626 1447 1769 1471 actoribus
1781 1448 1813 1472 ad
1823 1448 1876 1473 hoc
1892 1449 1997 1475 instanff

1079 1483 1154 1508 tibus
1172 1484 1278 1508 iustitia
1292 1486 1479 1512 ministretur.
1499 1487 1648 1514 Sanximus
1665 1491 1780 1523 insuper
1798 1496 1825 1517 et
1848 1494 1939 1519 edicto
1957 1504 1999 1520 re-

1081 1529 1137 1561 gali
1155 1529 1305 1554 statuimus
1321 1531 1393 1562 quod
1407 1532 1434 1555 in
1448 1540 1515 1556 casu
1529 1541 1583 1565 quo
1601 1535 1740 1566 quispiam
1761 1536 1834 1561 cives
1852 1537 1998 1570 Aquenses

1081 1573 1269 1598 communiter
1281 1574 1325 1598 vel
1341 1574 1450 1599 divisim
1464 1576 1493 1600 in
1510 1577 1636 1608 ipsorum
1651 1580 1815 1611 corporibus
1833 1582 1892 1606 sive
1912 1584 1997 1607 rebus

1079 1617 1227 1650 impediret
1244 1616 1389 1643 invaderet
1405 1622 1762 1647 autarrestaretviolenter
1771 1628 1798 1648 et
1808 1625 1840 1649 de
1855 1626 1928 1650 facto
1940 1635 1997 1651 non

1081 1663 1232 1686 contentus
1249 1662 1283 1686 de
1300 1663 1425 1693 ipsorum
1444 1667 1472 1688 et
1490 1664 1609 1689 civitatis
1624 1666 1764 1697 Aquensis
1779 1671 1924 1694 sententia
1939 1679 1999 1696 sca*

1081 1705 1166 1729 binali
1182 1713 1264 1736 quam
1282 1706 1333 1738 ipsi
1350 1706 1467 1732 dandam
1481 1711 1507 1732 et
1524 1710 1714 1741 exequendam
1732 1712 1819 1737 eidem
1833 1713 1998 1740 exhiberent

1083 1749 1172 1773 actori
1190 1749 1311 1774 invasori
1329 1753 1377 1775 aut
1398 1753 1569 1783 arreststori,
1586 1754 1660 1785 quod
1675 1762 1707 1779 ex
1728 1758 1796 1780 tunc
1812 1759 1905 1783 oinnia
1924 1758 1997 1785 bona

1084 1794 1188 1818 actoris
1213 1794 1351 1819 invasoris
1374 1797 1403 1820 et
1430 1798 1606 1821 arrestatoris
1630 1798 1789 1825 huiusmodi
1814 1801 1934 1827 debeant
1965 1806 1996 1829 all

1083 1846 1165 1862 suum
1183 1838 1352 1862 ordinarium
1363 1839 1505 1864 dominum
1522 1841 1573 1865 sub
1589 1850 1643 1874 quo
1656 1844 1742 1869 suerit
1757 1845 1885 1870 residens
1901 1852 1997 1872 nostro

1083 1884 1112 1906 et
1127 1882 1235 1914 imperii
1250 1883 1364 1908 nomine
1384 1884 1543 1909 immediate
1563 1886 1665 1911 divolvi
1681 1895 1712 1912 ea
1727 1888 1761 1913 de
1779 1897 1861 1914 causa
1878 1894 1909 1915 ut
1924 1892 1995 1916 idem

1082 1934 1150 1951 suus
1167 1926 1297 1951 dominus
1311 1927 1376 1952 dum
1391 1931 1419 1952 et
1436 1929 1569 1960 quociens
1586 1938 1637 1962 per
1657 1932 1732 1957 cives
1753 1937 1866 1959 nostros
1885 1934 1983 1967 Aquen

1081 1978 1125 1995 ses
1142 1970 1293 2002 requisitus
1308 1971 1394 1996 fuerit
1408 1973 1440 1997 ad
1454 1973 1667 2000 rectificandum
1685 1979 1713 2001 et
1727 1978 1933 2010 corripiendum
1951 1990 1990 2006 ac

1080 2016 1170 2039 torem
1193 2015 1353 2040 invasorem
1369 2018 1418 2041 aut
1441 2020 1643 2044 arrestatorem
1662 2022 1782 2053 prefatis
1802 2023 1868 2056 ipsis
1886 2024 1993 2050 civibus

1078 2058 1183 2083 nostris
1199 2059 1331 2084 assistere
1348 2061 1437 2085 velint
1447 2065 1474 2086 et
1484 2062 1605 2088 debeant
1621 2064 1672 2088 viis
1686 2068 1714 2089 et
1737 2067 1865 2091 remediis
1879 2072 1993 2100 oportu⁴

1077 2104 1139 2133 nis;
1159 2111 1326 2128 renovamus
1344 2104 1460 2139 insuper
1469 2106 1566 2131 damus
1578 2110 1605 2132 et
1617 2108 1816 2134 confirmamus
1838 2110 1906 2142 ipsis
1927 2114 1994 2138 civi—

1077 2147 1128 2171 bus
1148 2146 1328 2178 Aquensibus
1348 2150 1454 2174 nostris
1480 2151 1589 2175 dilectis
1609 2151 1736 2177 fidelibus
1757 2153 1789 2178 de
1809 2154 1882 2180 dono
1902 2158 1993 2190 gratie

1077 2191 1207 2223 specialis
1228 2192 1321 2216 omnia
1341 2195 1369 2217 et
1388 2194 1501 2227 singula
1521 2195 1646 2227 ipsorum
1661 2196 1726 2226 jura
1745 2201 1773 2222 et
1783 2199 1932 2234 privilegia
1950 2201 1992 2227 in-

1075 2235 1154 2259 dulta
1171 2237 1198 2260 et
1215 2235 1358 2260 libertates
1371 2244 1526 2270 omnesque
1535 2240 1643 2272 gratias
1653 2240 1817 2266 donationes
1833 2245 1862 2267 et
1871 2252 1991 2270 consue<

1074 2279 1186 2303 tudines
1206 2281 1235 2303 et
1254 2282 1448 2311 possessiones
1469 2290 1484 2306 a
1505 2285 1601 2307 sancto
1622 2283 1726 2308 Harolo
1745 2286 1856 2317 prefate
1883 2289 1990 2315 civitati

1073 2326 1170 2348 nostre
1188 2324 1293 2358 regalis
1314 2325 1387 2349 sedis
1407 2325 1531 2357 Aqueusi
1550 2327 1640 2359 primo
1662 2328 1812 2354 fundatore
1831 2332 1859 2355 et
1878 2339 1892 2356 a
1912 2341 1989 2357 reco-

1074 2367 1156 2392 lende
1176 2369 1311 2392 memorie
1331 2368 1401 2393 divis
1416 2368 1610 2396 Romanorum
1630 2372 1847 2404 imperatoribus
1869 2380 1897 2400 et
1915 2379 1989 2411 regi*

1073 2412 1124 2436 bus
1143 2412 1249 2436 nostris
1272 2413 1520 2444 predecessoribus
1540 2414 1607 2447 ipsis
1633 2425 1766 2442 concessa
1792 2421 1820 2444 et
1839 2428 1988 2446 concessas

1072 2455 1146 2480 facta
1168 2459 1195 2480 et
1215 2456 1302 2480 factas
1319 2458 1349 2480 ut
1367 2457 1422 2481 illis
1444 2462 1663 2490 perseveranter
1682 2464 1710 2485 et
1728 2461 1757 2486 in
1772 2463 1912 2489 communi
1933 2465 1986 2490 srui

1071 2499 1191 2524 debeant
1216 2501 1243 2523 et
1270 2500 1394 2534 gaudere
1422 2501 1568 2527 adiciendo
1596 2511 1628 2528 ex
1654 2508 1733 2530 certa
1750 2509 1848 2532 nostra
1868 2509 1986 2533 scientia

1069 2544 1143 2576 quod
1173 2543 1333 2569 huiusmodi
1356 2544 1422 2575 jura
1440 2546 1590 2582 privilegia
1610 2551 1638 2573 et
1657 2549 1754 2574 literas
1775 2551 1879 2576 civium
1900 2556 1928 2577 et
1948 2553 1985 2577 cie

1068 2587 1161 2612 vitatis
1191 2589 1287 2613 nostre
1315 2589 1417 2622 regalis
1447 2591 1519 2616 sedis
1545 2592 1685 2623 Aquensis
1713 2597 1740 2618 et
1769 2595 1863 2621 omnia
1892 2597 1918 2621 in
1946 2598 1985 2622 eis
