2209 2858
235 155 423 191 cxxvln

623 143 837 201 Anhang.
863 142 1128 186 Friedrich.
1159 141 1249 184 IV.
1274 140 1405 197 (111.)
1433 152 1545 201 1461,
1574 152 1675 196 April
1700 153 1735 187 4.

230 294 416 320 consideratis
438 295 467 317 et
491 292 586 317 animo
608 292 765 326 diligenter
780 293 921 318 revolutis
937 291 1161 318 necessitudinis

233 342 262 364 et
287 338 415 364 amicicie
440 337 563 362 vinculis
588 337 690 369 quibus
715 337 935 370 predecessores
953 341 981 361 et
996 336 1163 370 progenito-

233 391 280 409 res
300 382 392 407 nostri
414 383 472 406 tam
489 389 574 415 reges
590 381 742 416 Hungarie
765 389 848 414 quam
873 382 958 406 duces
976 380 1093 405 Austrie
1110 388 1162 413 pro

234 427 413 453 subditorum
438 434 468 452 ac
492 433 650 459 regnorum
677 428 706 451 et
731 425 922 450 dominiorum
947 432 1064 450 suorum
1087 432 1163 449 com-

231 471 316 497 modo
341 474 369 496 et
393 472 488 502 quiete
507 478 558 502 pro
576 478 605 496 se
625 478 656 495 ac
673 478 772 495 eorum
791 468 943 494 heredibus
965 471 994 494 et
1010 468 1163 502 posterita-

232 516 308 541 tibus
335 515 481 540 coniuncti
506 516 634 545 fuerant,
667 515 743 540 vnde
776 516 834 539 tam
860 514 914 546 ipsi
943 520 1034 546 reguo
1062 514 1162 537 nostro

232 560 385 594 Hungarie
411 567 496 591 quam
522 559 636 584 ducatui
658 558 774 584 Austrie
795 566 828 583 ac
847 565 948 582 eorum
970 557 1053 582 terris
1073 559 1101 581 et
1116 556 1164 581 do-

231 605 325 631 miniis
343 602 452 628 vtilitas
470 612 529 628 nou
543 603 653 628 modica
670 602 775 628 dicitur
789 602 967 635 prouenisse.
989 600 1049 626 Nos
1066 601 1164 626 huius-

232 649 309 674 modi
334 649 572 681 predecessorum
595 650 623 673 et
643 647 861 681 progenitorum
886 648 1054 671 nostrorum
1079 645 1165 670 vesti-

233 693 289 727 giis
316 694 446 718 inherere
477 693 606 716 volentes
637 691 868 716 consideracione
894 691 972 723 pacis
997 693 1025 715 et
1050 690 1164 715 maioris

233 737 409 763 detensionis
433 739 576 761 terrarum
601 738 629 760 et
654 736 846 760 dominiorum
869 737 1036 760 nostrorum
1060 734 1094 759 ad
1122 735 1163 758 in-

235 782 420 813 frascriptam
448 779 553 806 sederis
582 782 610 805 et
637 778 788 805 concordie
814 779 889 804 inter
915 787 968 804 nos
997 778 1164 803 deuenimus

234 827 381 851 vnionem.
409 825 505 850 Primo
526 828 554 850 et
573 827 641 849 ante
666 824 760 849 omnia
779 823 854 856 quod
877 823 949 848 alter
963 824 1083 848 alterum
1102 830 1165 854 spe-

236 871 302 895 ciali
324 869 451 894 amicicia
473 870 575 894 fauore
597 871 626 893 et
643 876 738 893 amore
754 870 960 900 prosequatur,
980 867 1101 899 dampna
1114 874 1165 898 pro

236 922 322 947 posse
347 915 437 938 enitet
461 916 489 938 et
515 916 669 945 precaueat
690 912 870 937 commodum
893 914 922 935 et
941 911 1081 936 bonorem
1102 918 1166 942 pro-

237 960 318 982 curet
341 961 368 982 et
393 960 580 989 promouent,
608 956 762 981 cuiuslibet
787 955 872 980 etiam
893 958 1025 980 nostrum
1043 955 1166 979 homini-

236 1002 290 1027 bus
317 1001 437 1026 subditis
458 1001 575 1026 vasallis
596 1001 657 1025 siue
672 1000 890 1026 -mercatoribus
915 1000 944 1025 in
967 1000 1086 1024 alterius
1102 1006 1166 1032 reg-

234 1055 305 1071 num
329 1047 388 1071 siue
417 1045 573 1070 dominium
601 1047 680 1070 tutus
700 1047 797 1077 pateat
817 1052 950 1069 accessus
972 1052 1051 1068 mora
1074 1044 1103 1068 in
1120 1051 1166 1068 eo-

237 1091 300 1116 dem
329 1093 356 1115 et
381 1098 514 1114 recessus
545 1088 646 1113 abinde
673 1091 787 1113 seruata
811 1090 916 1113 tamen‘
935 1088 1090 1112 honestate
1106 1087 1165 1111 vite

235 1139 264 1159 et
291 1135 393 1159 solutis
421 1134 534 1158 tributis
562 1141 592 1158 ac
618 1133 680 1158 aliis
708 1132 844 1158 oneribus
865 1132 898 1156 de
923 1131 989 1162 jure
1017 1131 1164 1156 soluendis

234 1180 312 1204 iuxta
341 1177 577 1202 consuetudinem
606 1178 773 1209 antiquam,
815 1177 1019 1201 inuouaciones
1053 1182 1165 1208 quoque

238 1224 320 1247 vuius
343 1220 425 1254 regni
450 1221 570 1247 ducatus
589 1230 639 1246 seu
655 1221 770 1252 dominij
794 1221 823 1245 in
839 1220 1028 1254 preiudicium
1047 1219 1165 1245 alterius

235 1267 351 1300 penitus
370 1266 527 1299 evitentur,
556 1266 603 1290 sed
626 1265 722 1298 ipsum
745 1274 870 1299 regnum
894 1265 1042 1299 Hungarie
1066 1267 1094 1288 et
1116 1264 1166 1288 du-

237 1313 319 1335 catus
333 1310 450 1335 Austrie
472 1311 502 1334 in
528 1319 628 1335 eorum
650 1311 773 1342 antiquis
791 1310 906 1341 juribus
929 1312 957 1334 et
980 1308 1164 1334 consuetudi<

234 1356 322 1380 nibus
346 1355 469 1379 debeant
492 1362 675 1386 permanere,
698 1354 794 1379 nullus
814 1354 903 1378 eciam
919 1356 1051 1378 nostrum
1066 1353 1165 1377 huius*

235 1398 312 1424 modi
337 1399 394 1432 liga
419 1401 447 1422 et
470 1399 574 1422 vnione
590 1401 689 1423 nostra
706 1399 828 1423 durante
847 1406 878 1422 ex
895 1405 1064 1429 quacunque
1082 1404 1166 1421 causa

237 1444 298 1468 siue
320 1442 451 1474 nosipsos
476 1450 526 1466 seu
549 1442 676 1467 subditos
697 1445 814 1467 nostros
829 1445 878 1466 aut
895 1449 1078 1473 quascunque
1096 1441 1165 1465 alias

238 1494 378 1520 personas
409 1486 605 1518 cuiuscunque
644 1489 735 1511 status
764 1494 814 1511 seu
845 1486 1012 1511 conditionis
1045 1485 1167 1521 existant

243 1531 431 1564 contingente
459 1531 574 1555 alterius
605 1531 738 1555 inimicus
762 1531 954 1555 constituatur
979 1538 1042 1555 eum
1069 1537 1167 1562 perse-

236 1578 356 1607 quatur,
383 1577 433 1599 aut
462 1575 487 1599 ei
508 1574 629 1607 dampna
653 1575 767 1606 inferat,
788 1577 1018 1607 nostrosquoque
1036 1573 1166 1599 subditos

234 1626 267 1644 ac
293 1620 365 1644 alios
394 1618 524 1643 homines
551 1620 604 1643 sub
639 1620 726 1644 unius
757 1622 890 1645 nostrum
914 1620 1095 1651 protectione
1117 1620 1167 1642 aut

233 1664 324 1688 tutela
346 1663 503 1688 existentes
526 1664 588 1688 illos
608 1664 697 1688 eciam
721 1672 792 1696 quos
811 1672 862 1696 pro
883 1667 1012 1696 tempore
1031 1665 1059 1687 in
1074 1670 1165 1696 reguo

235 1711 339 1733 nostro
358 1707 507 1741 Hungarie
527 1708 586 1732 siue
603 1708 709 1733 ducatu
726 1707 840 1733 Austrie
866 1708 983 1740 aliisque
1004 1707 1089 1732 terri}
1106 1706 1165 1731 siue

236 1752 473 1776 iurisdicionibus
499 1752 654 1777 sustentari
681 1752 838 1786 contigerit
857 1760 979 1784 quorum
995 1752 1096 1776 saltem
1116 1759 1166 1784 po-

235 1798 327 1821 tentes
353 1803 415 1820 esse
442 1796 600 1828 poterimus
625 1795 749 1821 scienter
765 1805 823 1821 non
836 1797 1035 1828 permittemus
1053 1798 1103 1820 aut
1117 1803 1165 1827 pa-

234 1841 341 1864 ciemur
368 1848 466 1864 eorum
492 1841 614 1872 aliquem
637 1841 757 1866 alterius
775 1849 807 1866 ex
822 1841 902 1865 nobis
920 1843 970 1865 aut
985 1838 1166 1864 subditorum

234 1893 355 1909 suorum
385 1888 433 1908 aut
468 1884 593 1909 aliorum
623 1885 772 1910 bominum
799 1885 851 1909 sub
879 1884 938 1909 eius
961 1884 1086 1909 tuicione
1111 1884 1166 1908 exi*

234 1929 390 1958 ste-ndum,
414 1928 525 1953 hostem
551 1931 599 1953 aut
626 1928 775 1954 inimicum
799 1929 957 1954 ditndatum
977 1927 1039 1953 fieri
1061 1930 1110 1953 aut
1126 1928 1165 1953 eis

234 1974 334 2005 queuis
356 1972 479 2005 dampna
498 1973 614 2004 inferri,
640 1973 694 1997 hoc
717 1976 851 1998 notanter
877 1972 987 1997 adiecto
1011 1973 1086 2005 quod
1102 1972 1165 1997 nul-

231 2017 277 2042 lus
304 2020 434 2041 nostrum
469 2016 588 2042 alterius
616 2017 777 2050 regnicolas
805 2018 865 2042 siue
892 2018 1052 2051 terrigenas
1082 2017 1164 2041 alteri

233 2069 266 2085 ex
293 2061 375 2085 nobis
398 2061 522 2086 rebelles
544 2069 594 2086 seu
620 2061 818 2086 inobedientes
841 2063 941 2086 contra
959 2061 1046 2094 ipsius
1063 2061 1165 2085 volun-

234 2107 321 2130 tatem
343 2104 482 2137 suscipiat
502 2108 637 2139 protegat
655 2109 703 2130 aut
719 2105 853 2131 defendat
869 2107 913 2131 vel
928 2106 1035 2131 eisdem
1054 2107 1165 2137 prestet

235 2148 350 2179 auxilia,
373 2150 421 2174 sed
440 2150 536 2182 potius
551 2150 579 2174 in
596 2150 649 2175 hoc
670 2158 737 2175 casu
753 2151 824 2174 alter
838 2152 968 2175 nostrum
986 2150 1068 2174 alteri
1084 2150 1164 2173 fauo-

237 2201 296 2217 rem
314 2195 342 2216 et
360 2193 533 2218 adiutorium
547 2197 658 2226 prestet
673 2195 738 2219 dolo
755 2198 781 2219 et
797 2195 898 2219 fraude
916 2195 1031 2219 semotis
1051 2194 1164 2226 quibus·

234 2244 356 2268 cunque.
377 2237 448 2261 Item
465 2239 486 2262 si
502 2238 643 2271 quispiam
661 2239 693 2264 de
704 2247 793 2273 regno
812 2239 962 2272 Hungarie
979 2240 1039 2264 siue
1057 2239 1163 2263 ducatu

236 2280 351 2305 Auso-ie
369 2285 417 2306 aut
442 2282 630 2315 vndecunque
648 2284 842 2315 cuiuscunque
869 2286 960 2308 status
991 2292 1040 2310 seu
1071 2283 1166 2308 condi-

237 2324 327 2348 cionis
355 2325 442 2349 fucrit
468 2325 495 2350 in
518 2327 601 2351 metis
627 2327 703 2351 inter
719 2328 810 2360 ipsum
826 2335 948 2360 regnum
965 2328 1113 2362 Hungarie
1136 2330 1164 2352 et

234 2367 369 2392 ducatum
393 2369 504 2394 Austris
527 2379 601 2395 nova
627 2372 768 2397 fortalicia
793 2372 915 2397 erexerit
936 2375 963 2396 et
979 2372 1044 2396 inde
1061 2372 1163 2397 damna

232 2411 364 2436 intulerit
389 2415 437 2437 aut
459 2413 565 2439 inferre
587 2416 764 2447 pretenderit
783 2416 942 2448 cuicunque
969 2416 1060 2449 parti,
1088 2416 1163 2448 quod

233 2458 303 2480 tunc
329 2464 391 2479 mox
412 2458 491 2481 ambe
523 2461 618 2490 partes
638 2463 737 2485 contra
755 2461 842 2485 talem
860 2461 904 2484 rel
921 2461 992 2485 tales
1009 2461 1161 2494 insurgere

234 2503 262 2524 et
285 2500 376 2532 ipsum
398 2500 443 2524 rel
468 2501 544 2532 ipsos
574 2502 607 2526 de
626 2503 731 2529 eisdem
750 2504 833 2530 metis
857 2507 884 2529 et
901 2504 1052 2536 fortalicijs
1069 2505 1161 2530 eicere

236 2546 264 2568 et
287 2544 476 2568 exterminare
499 2545 621 2570 debeant
648 2551 675 2571 et
697 2551 850 2573 teneantur
872 2549 995 2582 propriis
1015 2549 1161 2574 laboribus

237 2590 265 2611 et
290 2588 429 2619 expensis.
466 2588 502 2612 Et
527 2591 558 2613 ut
577 2589 738 2616 huiusmodi
763 2596 859 2617 nostre
887 2594 999 2618 rnionis
1016 2593 1161 2618 vinculum

235 2631 362 2656 eominus
383 2632 499 2666 infringi
518 2634 607 2665 possit
629 2636 701 2666 pacti
720 2644 828 2667 sumus,
846 2638 920 2669 quod
938 2637 961 2663 si
981 2638 1009 2662 in
1031 2637 1161 2663 futurum

1229 292 1304 316 inter
1324 299 1375 315 nos
1399 293 1448 315 aut
1475 289 1604 315 subditos
1630 292 1746 315 nostros
1770 289 1828 315 litis
1855 291 2003 316 materiam
2021 289 2082 316 siue
2101 290 2159 316 dis-

1230 337 1379 361 sensiones
1394 343 1444 367 pro
1457 342 1627 367 quacunque
1645 342 1675 358 re
1694 337 1743 359 aut
1758 342 1790 359 ex
1807 342 1976 368 quacunque
1993 342 2079 361 causa
2090 333 2159 360 oriri

1230 380 1386 414 contigerit
1407 382 1435 404 ct
1456 387 1521 412 pars
1540 379 1588 404 illa
1613 387 1668 411 que
1685 386 1714 404 se
1731 379 1854 405 senserit
1870 382 2019 413 gravatam
2035 379 2062 406 id
2077 380 2160 405 alteri

1230 426 1305 458 parti
1324 432 1376 457 per
1398 424 1509 448 litteras
1537 422 1747 457 significauerit
1771 425 1852 456 eique
1872 423 1945 449 diem
1966 424 2065 457 placiti
2083 423 2161 449 insta

1230 476 1359 494 mensem
1381 475 1397 492 a
1422 468 1466 493 die
1494 468 1719 501 presentationis
1740 468 1886 493 literarum
1904 467 2070 494 huiusmodi
2086 475 2163 493 eom—

1230 512 1391 546 putandum
1407 512 1435 537 in
1450 512 1588 546 oppidum
1604 511 1784 538 Posoniense
1801 512 1966 546 prefixerit,
1992 512 2066 545 quod
2090 514 2161 537 tunc

1230 565 1283 581 nos
1302 557 1383 581 ambe
1398 559 1493 589 partes
1511 557 1686 582 consiliarios
1701 558 1815 582 nostros
1831 558 1977 589 tamquam
1995 556 2161 582 huiusmodi

1232 601 1466 626 differenciarum
1487 601 1659 626 mediatores
1684 601 1751 626 illac
1777 601 1892 626 mittere
1917 600 2083 633 debeamus,
2105 600 2161 626 nisi

1233 645 1307 670 forte
1330 645 1434 678 aliquis
1459 648 1593 670 nostrum
1620 654 1684 670 cum
1706 645 1815 671 ciuibus
1843 647 1894 670 ant
1921 644 2024 670 incolis
2051 644 2158 677 prefati

1232 689 1328 723 oppidi
1351 689 1470 714 haberet
1495 698 1601 724 graues
1626 690 1794 715 inimicicias
1822 691 1850 715 et.
1869 693 1902 715 ut
1915 689 1970 723 ipsi
1993 689 2019 714 ei
2035 689 2164 714 saluum-

1233 734 1406 759 conduetum
1428 734 1622 759 necessarium
1653 736 1681 758 et
1711 736 1907 767 opportunum
1939 734 2006 759 dare
2039 732 2165 768 denega-

1231 781 1312 810 rent,
1342 778 1416 810 quod
1439 781 1507 803 tunc
1534 779 1682 804 ambarum
1705 779 1834 811 parcium
1863 778 2020 809 consiliarii
2050 777 2085 803 ad
2107 777 2163 802 hoc

1233 824 1361 856 deputati
1382 823 1416 847 de
1443 823 1497 848 alio
1526 823 1701 856 competenti
1727 823 1789 848 loco
1808 823 1915 855 absque
1930 821 2073 848 dilacione
2095 830 2163 847 con-

1233 868 1350 893 cordare
1367 867 1395 891 in
1418 876 1474 900 quo
1491 870 1520 891 et
1534 868 1688 892 conuenire
1709 870 1737 893 et
1754 868 1910 902 diligenter
1927 869 2099 900 attemptare
2116 865 2164 891 de-

1231 912 1320 937 beant
1349 911 1531 937 differencias
1565 911 1728 937 huiusmodi
1758 911 1948 937 amicabiliter
1980 918 2163 944 componere.

1234 956 1311 981 Casu
1335 958 1429 981 autem
1454 964 1509 988 quo
1532 956 1605 981 tales
1619 956 1786 982 ‹lifferencie
1806 956 1889 982 modo
1905 956 2066 982 amicabilis
2085 962 2163 980 com-

1232 1000 1389 1034 posicionis
1413 1008 1465 1033 per
1485 1001 1609 1025 medium
1631 1000 1774 1032 dictorum
1791 1001 2023 1026 consiliariorum
2039 999 2161 1032 quietari

1232 1053 1292 1070 non
1307 1047 1439 1077 possent,
1467 1045 1541 1077 quod
1557 1047 1624 1069 tunc
1647 1052 1712 1077 pars
1728 1045 1777 1070 illa
1793 1053 1847 1077 que
1864 1053 1893 1070 se
1914 1046 1942 1070 in
1964 1052 1996 1070 ea
2017 1051 2103 1069 eausa
2123 1043 2165 1068 se-

1233 1089 1270 1113 cit
1295 1092 1423 1114 actorem
1446 1089 1498 1113 sibi
1519 1097 1605 1114 vnum
1632 1090 1860 1121 superarbitrum
1878 1097 1911 1114 ex
1930 1087 2103 1119 consiliarijs
2123 1087 2164 1112 al-

1231 1134 1319 1158 terius
1349 1132 1438 1167 partis
1465 1134 1553 1167 eligat
1579 1134 1743 1165 quiquidem
1772 1142 1845 1159 onus
1880 1141 1967 1158 cause
1997 1131 2164 1157 huiusmodi

1232 1179 1261 1203 in
1286 1186 1315 1203 se
1340 1177 1487 1210 suscipere
1517 1180 1545 1202 et
1575 1178 1650 1202 infra
1682 1179 1813 1211 spacium
1837 1177 1921 1202 vuius
1947 1177 2055 1202 mensis
2081 1184 2096 1201 a
2119 1175 2165 1201 die

1234 1222 1398 1247 huiusmodi
1420 1221 1570 1246 electionis
1596 1222 1780 1254 computandi
1798 1221 1880 1247 nobis
1899 1222 2029 1254 partibus
2047 1220 2122 1246 diem
2136 1221 2166 1245 et

1234 1266 1391 1291 terminum
1409 1273 1460 1298 pro
1486 1266 1599 1290 iusticia
1626 1266 1757 1291 facienda
1778 1266 1807 1290 in
1830 1266 1966 1298 oppidum
1985 1265 2165 1291 Posoniense

1234 1310 1295 1335 siue
1317 1310 1405 1334 alium
1426 1312 1457 1333 ut
1476 1310 1656 1342 premittitur
1688 1310 1785 1335 locum
1813 1310 1956 1344 prefigere
1985 1310 2086 1335 debeat
2119 1309 2164 1334 cui

1234 1355 1355 1386 quilibet
1376 1357 1511 1379 nostrum
1535 1355 1606 1379 duos
1634 1363 1665 1380 ex
1688 1355 1745 1380 suis
1768 1354 1939 1379 consiliariis
1961 1363 2014 1388 pro
2032 1361 2104 1387 equo
2121 1361 2165 1379 as-

1234 1406 1316 1423 sessu
1339 1399 1494 1431 adiungere
1522 1402 1550 1423 et
1574 1399 1638 1423 illac
1663 1399 1861 1424 transmittere
1881 1398 1983 1424 debeat
2010 1399 2078 1430 jura
2100 1405 2166 1431 par-

1235 1443 1310 1467 cium
1328 1443 1491 1467 luculenter
1513 1443 1703 1468 examinandi.
1731 1443 1763 1468 ld
1782 1450 1895 1475 quoque
1918 1443 1995 1476 quod
2015 1450 2067 1476 per
2087 1443 2164 1475 ipsos

1234 1487 1447 1519 superabitrum
1471 1489 1499 1511 et
1524 1487 1704 1512 consiliarios
1723 1489 1770 1512 aut
1788 1487 1924 1512 maiorem
1942 1495 2043 1513 eorum
2064 1493 2167 1512 nume-

1233 1539 1297 1555 rum
1319 1531 1380 1555 iure
1402 1531 1543 1556 mediante
1570 1531 1726 1556 diffinitum
1759 1531 1849 1556 suerit
1877 1531 1910 1556 ab
1937 1531 2005 1564 ipsis
2032 1530 2164 1564 partibus

1233 1576 1402 1608 exceptione
1432 1577 1459 1600 et
1490 1576 1687 1608 appellacione
1709 1575 1827 1600 remotis
1847 1574 1968 1600 firmiter
1981 1575 2164 1607 obsernetur,

1232 1619 1326 1644 finalis
1342 1622 1436 1644 autem
1455 1620 1561 1645 decisio
1585 1619 1816 1645 differcnciarum
1834 1619 1996 1645 huiusmodi
2016 1619 2092 1644 iutra
2107 1627 2167 1645 mc-

1233 1664 1310 1689 dium
1324 1671 1430 1688 annum
1447 1672 1462 1688 a
1481 1667 1610 1696 tempore
1634 1664 1798 1696 prefixionis
1816 1672 1867 1697 per
1884 1664 1978 1696 ipsum
1998 1663 2164 1696 superarbi-

1234 1711 1310 1733 trum
1334 1707 1417 1740 primi
1439 1716 1490 1740 pro
1518 1708 1682 1733 huiusmodi
1707 1709 1819 1734 iusticia
1839 1708 1933 1734 fienda
1954 1698 2070 1733 termini
2090 1716 2166 1733 com-

1232 1753 1393 1786 putandum
1419 1752 1480 1777 fieri
1505 1752 1608 1777 debeat
1632 1752 1686 1777 nisi
1710 1761 1826 1779 causam
1849 1753 1942 1786 ipsam
1962 1761 1994 1777 ex
2015 1752 2165 1778 sentencia

1233 1798 1294 1822 siue
1319 1797 1527 1822 deliberacIone
1554 1797 1681 1830 ipsorum
1702 1798 1834 1829 judicum
1861 1798 1979 1822 vlterius
2008 1796 2164 1830 contigerit

1233 1841 1369 1874 suspendi
1387 1842 1431 1866 vel
1447 1842 1606 1875 prorogari.
1634 1841 1768 1867 Ceterum
1791 1843 1850 1874 ipse
1868 1841 2064 1874 superarbiter
2082 1848 2097 1865 a
2113 1840 2163 1872 ju-

1231 1888 1361 1910 ramento
1384 1894 1439 1918 quo
1467 1885 1580 1911 domino
1600 1894 1652 1911 suo
1674 1894 1707 1910 ex
1721 1886 1805 1912 nobis
1822 1885 1921 1911 existit
1937 1886 2077 1911 obnoxius
2097 1893 2163 1910 mox

1232 1930 1298 1954 dum
1315 1930 1344 1954 in
1365 1930 1573 1962 superabitrum
1589 1930 1754 1955 huiusmodi
1778 1931 1887 1956 electus
1911 1930 1971 1955 siue
1994 1929 2160 1954 nominatus

1231 1975 1319 1999 suerit
1340 1982 1391 2006 pro
1410 1982 1444 1999 ea
1465 1975 1526 1999 vice
1549 1977 1687 2006 quantum
1711 1975 1744 2000 ad
1765 1982 1879 2000 causam
1901 1973 2067 2000 huiusmodi
2086 1973 2162 1998 deci-

1231 2018 1352 2043 dendam
1373 2026 1404 2043 eo
1428 2019 1504 2043 facto
1524 2018 1559 2043 sit
1574 2019 1723 2044 absolutus
1740 2020 1946 2052 ipsumquoque
1963 2017 2094 2042 dominus
2111 2017 2160 2043 ille

1232 2071 1265 2087 ex
1288 2063 1372 2087 nobis
1390 2063 1470 2087 cuius
1489 2063 1668 2088 consiliarius
1694 2064 1820 2088 extiterit
1835 2062 1976 2096 astringat
2001 2064 2030 2086 et
2051 2061 2094 2086 sui
2111 2069 2161 2094 po-

1232 2111 1295 2133 tens
1314 2107 1351 2131 sit
1369 2107 1403 2132 ad
1420 2107 1633 2140 suscipiendum
1654 2115 1727 2132 onus
1745 2115 1831 2132 cause
1854 2108 1885 2131 ut
1898 2106 2074 2139 premittitur
2093 2114 2161 2138 pro-

1231 2151 1386 2184 sequende.
1417 2151 1492 2176 Casu
1513 2152 1596 2176 etiam
1617 2160 1672 2184 quo
1695 2151 1796 2184 prelati
1812 2151 1928 2176 comites
1944 2151 2067 2176 barones
2084 2150 2159 2175 mili-

1231 2200 1273 2222 tes
1289 2196 1400 2221 nobiles
1421 2196 1566 2228 ceterique
1592 2196 1696 2220 subditi
1720 2195 1804 2220 vnius
1832 2203 1864 2220 ex
1884 2196 1966 2221 nobis
1993 2198 2093 2220 contra
2118 2195 2159 2219 al-

1230 2243 1323 2265 terum
1352 2242 1484 2264 nostrum
1510 2241 1632 2272 aliquam
1657 2241 1799 2265 actionem
1822 2238 1928 2264 habere
1960 2239 2161 2273 pretenderint

1230 2285 1270 2309 illi
1300 2292 1332 2309 ea
1364 2285 1513 2309 sentencia
1536 2292 1589 2316 que
1615 2292 1666 2317 per
1687 2284 1864 2309 consiliarios
1885 2284 2012 2309 eiusdem
2039 2283 2159 2308 alterius

1230 2330 1305 2354 inter
1327 2336 1374 2353 eos
1395 2329 1521 2359 juridice
1544 2329 1656 2362 prolata
1681 2328 1771 2353 fuerit
1793 2328 1850 2353 sint
1873 2327 2008 2354 contenti.
2036 2326 2065 2352 Si
2089 2335 2158 2353 vero

1229 2375 1367 2405 utrosque
1391 2373 1519 2398 subditos
1545 2375 1659 2397 nostros
1683 2380 1713 2397 se
1737 2375 1835 2397 mutuo
1856 2381 1908 2405 pro
1941 2372 2159 2404 quibuscunque

1229 2417 1315 2442 rebus
1340 2417 1478 2449 impetere
1503 2415 1658 2450 contigerit
1678 2417 1872 2449 cuiuscunque
1897 2418 1987 2442 status
2009 2416 2157 2450 dignitatis

1229 2470 1279 2488 seu
1297 2461 1471 2486 condicionis
1488 2463 1624 2492 existant,
1654 2461 1677 2485 si
1702 2468 1785 2485 causa
1806 2461 1867 2493 ipsa
1892 2461 2050 2493 spiritualis
2069 2459 2157 2485 suerit:

1229 2505 1258 2530 in
1283 2512 1314 2530 ea
1338 2506 1478 2537 spirituali
1501 2505 1608 2536 judicio
1629 2505 1651 2529 si
1672 2505 1792 2530 feudalis
1818 2505 1848 2529 in
1867 2505 1933 2530 sede
1952 2505 2057 2530 domini
2078 2504 2155 2529 feudi

1228 2557 1243 2574 a
1268 2558 1324 2581 quo
1345 2550 1419 2574 bona
1443 2549 1501 2581 ipsa
1528 2549 1651 2573 feudalia
1674 2549 1846 2581 dependent,
1868 2550 1975 2575 sivero
1992 2548 2153 2582 personalis

1227 2594 1256 2618 in
1273 2594 1349 2618 illius
1366 2594 1417 2619 sub
1431 2594 1510 2618 cuius
1523 2592 1713 2623 jurisdicione
1732 2594 1792 2626 ipse
1811 2601 1877 2618 reus
1894 2594 2018 2620 resideat
2036 2592 2154 2618 iuridiee

1227 2638 1414 2671 procedatur,
1444 2637 1497 2662 nisi
1525 2637 1633 2662 fuerint
1655 2638 1727 2662 tales
1750 2645 1884 2671 proceres
1909 2640 1958 2664 ant
1976 2637 2087 2663 nobiles
2106 2635 2154 2669 qui
