2235 2859
301 203 510 260 Anhang.
543 202 706 260 Kfinlg
733 200 982 245 Friedrich
1012 200 1099 243 IVÎ‡
1140 210 1254 253 5444,
1283 213 1487 257 September
1516 213 1706 247 17.-18.

1854 216 1968 249 LXIX

165 357 217 385 53.
241 356 282 383 K.
307 355 470 383 Friedrich
493 355 579 389 triiyt
601 355 670 382 dem
690 352 893 387 Erzbiscltof'
912 360 972 380 con
999 353 1087 381 co'lm
1110 353 1161 380 die
1186 353 1424 388 Enlsclteirlunq
1447 355 1537 382 eines
1560 356 1736 384 Processes
1761 356 1831 391 auf.

241 409 355 443 1444,
381 408 567 443 September
588 408 640 436 17.
663 408 756 441 Reyy.
782 407 841 434 No.
858 407 961 436 1747.

121 467 281 493 Fridericus
302 471 353 492 etc.
380 467 543 492 Venerabili
570 466 782 499 archiepiscopo
810 466 972 493 Coloniensi

53 513 173 546 principi
199 513 315 536 electori
340 520 370 536 ac
397 519 448 545 per
466 511 576 536 ltatiam
606 510 677 534 sacri
697 510 808 543 imperii
829 512 973 536 archican<

53 557 167 582 cellario
181 556 276 588 nepoti
288 559 385 580 nostro
398 555 540 580 carissimo
557 555 687 588 gratiam.
707 555 885 580 Venerabilis
898 556 972 588 prin-

53 609 119 634 ceps
147 609 236 633 nepos
264 600 424 630 carissime,
455 599 607 624 humilibus
635 599 812 624 subditorum
837 599 972 632 precibus

54 654 107 678 que
125 645 157 669 ab
171 645 303 676 equitatis
319 644 430 669 tramite
445 652 501 668 non
516 643 677 668 discordant
693 644 824 675 quotiens
837 652 888 676 pro
898 653 973 669 com-

54 690 200 722 plemento
216 689 322 713 iustitie
338 688 534 720 consequendo
554 688 634 712 nobis
649 689 838 722 porriguntur
853 689 975 713 libenter

54 734 207 758 annuimus
227 733 344 764 illasque
366 731 507 756 favoribus
529 733 727 764 prosequimur
744 734 901 765 oportunis.
921 732 974 757 Ex-

55 778 144 802 hibita
163 777 296 809 siquidem
318 777 399 801 nobis
419 784 509 808 nuper
532 784 583 809 pro
605 780 686 809 parte
704 777 846 801 Johannis
869 777 902 801 de
920 777 972 802 Su*

55 825 116 846 sato
133 829 164 846 ac
182 821 299 845 Ailledis
319 821 472 854 coniugum
492 823 539 845 tue
561 821 697 845 dioecesis
713 820 838 846 fidelium
856 821 973 846 dilecto-

54 874 115 890 rum
138 868 299 890 nostrorum
323 865 421 896 petitio
442 866 622 896 continebat,
649 866 723 897 quod
746 874 808 890 cum
835 866 903 890 alias
922 866 972 890 ho-

56 908 198 934 norabiles
222 909 343 933 decanus
364 911 391 933 et
413 909 568 941 capitulum
590 910 707 934 ecclesie
725 910 878 934 Xantensis
900 911 973 935 eius-

55 954 119 978 dem
135 957 182 978 tue
198 951 351 984 dioecesis,
370 960 464 978 coram
486 954 542 977 alto
564 954 666 978 iudicio
685 954 806 978 civitatis
822 954 973 979 Colonien-

55 998 92 1021 sis
109 997 179 1029 quod
204 1004 217 1020 a
236 996 315 1020 nobis
333 999 361 1020 et
375 996 493 1029 imperio
510 1006 591 1022 sacro
608 998 736 1022 noscitur
752 998 911 1030 dependere
929 1006 973 1022 oc-

57 1041 168 1066 casione
182 1041 368 1073 plurimorum
383 1048 469 1074 super
479 1042 580 1074 quihus
592 1050 685 1067 coram
701 1046 729 1067 te
746 1051 776 1067 ex
788 1046 885 1067 nostra
897 1051 973 1067 com-

53 1085 185 1110 missione
208 1085 246 1109 eis
274 1085 365 1109 adhuc
394 1084 520 1110 indecisa
545 1087 664 1120 pendet,
696 1088 809 1112 eosdem
834 1087 971 1120 conjuges

54 1133 159 1154 temere
189 1132 444 1162 prosequerentur,
472 1131 621 1165 ipsumque
645 1131 806 1156 Johannem
831 1131 972 1162 justitiam

52 1176 147 1198 tamen
162 1173 345 1206 incessanter}
362 1174 413 1197 sibi
438 1174 591 1199 ministrari
617 1178 764 1208 petentem
786 1177 899 1200 minime
927 1183 971 1200 er-

50 1217 180 1242 auditum
202 1225 252 1249 per
279 1217 383 1241 dictum
411 1219 540 1243 iudicium
567 1220 626 1252 capi
653 1224 680 1244 et
700 1220 871 1244 incarcerari
890 1228 921 1245 ac
944 1220 973 1244 in

50 1261 209 1285 carceribus
238 1269 283 1285 sex
308 1262 366 1286 scre
389 1262 470 1286 annis
496 1263 616 1287 detineri
641 1264 793 1294 fecissent,
820 1272 873 1288 nos
894 1267 971 1297 post<

49 1305 161 1329 modum
193 1305 312 1329 eundem
343 1305 505 1330 Johannem
539 1307 570 1331 de
605 1307 686 1332 dictis
713 1308 872 1332 carceribus
900 1309 972 1332 rela-

50 1348 106 1372 xari
123 1348 319 1373 mandavimus
335 1350 521 1382 volentesque
539 1358 651 1375 causam
669 1354 697 1376 et
713 1359 813 1376 causas
831 1360 912 1383 quam
925 1352 972 1377 vel

52 1400 121 1424 quas
139 1392 210 1417 dicte
227 1395 323 1424 partes
341 1393 459 1418 invicem
479 1398 576 1419 contra
597 1402 626 1419 sc
648 1395 750 1420 habere
767 1395 972 1427 pretenderent

52 1437 158 1468 absque
182 1436 226 1461 via
248 1437 314 1461 sacti
338 1437 443 1462 iustitie
467 1439 573 1463 calculo
595 1440 757 1470 terminari,
784 1439 895 1464 easdem
921 1440 970 1464 tibi

52 1480 87 1505 ad
104 1481 268 1505 instantiam
290 1481 427 1505 dictorum
451 1483 607 1516 conjugum
629 1482 780 1508 audiendas
806 1487 834 1508 ct
848 1484 905 1509 fine
923 1484 970 1508 de-

50 1524 108 1548 bito
130 1525 321 1548 terminandas
337 1525 537 1557 commisimus,
559 1527 681 1552 decanus
704 1530 799 1552 tamen
815 1530 843 1552 et
860 1529 970 1561 capitu-

48 1568 106 1592 lum
124 1568 242 1600 predicti
266 1569 471 1594 commissionis
494 1573 591 1596 nostre
614 1571 724 1596 litteras
748 1580 806 1597 non
829 1576 970 1604 curantes,

47 1613 94 1637 sed
113 1612 206 1637 forum
228 1613 320 1644 potius
345 1616 473 1638 nostrum
497 1615 674 1641 declinantes
698 1624 761 1641 cum
777 1624 870 1641 coram
894 1619 922 1641 te
939 1620 969 1641 ut

44 1659 142 1681 nostro
153 1657 344 1681 commissario
361 1657 410 1682 sed
420 1658 510 1683 solum
521 1660 640 1684 servatis
650 1661 778 1685 terminis
791 1668 885 1685 coram
896 1660 971 1692 judi-

46 1701 88 1725 cio
97 1702 146 1725 tuo
169 1701 311 1725 ordinario
320 1701 464 1726 observari
475 1703 564 1727 solitis
576 1706 671 1736 preter
681 1706 778 1728 nostre
789 1705 865 1729 curie
878 1713 909 1729 ac
920 1713 970 1728 no-

49 1746 174 1769 strorum
189 1743 448 1770 commissariorum
465 1747 698 1772 consuetudinem
719 1749 873 1780 procedere
896 1749 970 1773 velle

50 1788 184 1813 dicuntur
210 1790 337 1820 quamvis
361 1791 439 1821 prius
463 1790 601 1825 conjuges
624 1792 753 1824 prefatos
777 1800 870 1817 coram
895 1793 969 1817 dicto

49 1832 153 1857 iudicio
169 1832 226 1857 alto
245 1832 407 1858 Coloniensi
424 1835 497 1866 quod
518 1842 533 1858 a
557 1835 638 1859 nobis
662 1836 802 1867 dependet
819 1835 971 1861 traxissent

48 1877 78 1901 in
92 1884 205 1901 causam
222 1884 253 1900 ac
268 1877 345 1909 ipsos
362 1878 547 1903 diversimode
564 1882 714 1904 vexassent
728 1880 762 1904 ob
786 1887 854 1912 quas
871 1888 969 1905 causas

48 1920 185 1953 conjuges
201 1921 319 1953 predicti
331 1922 459 1946 volentes
475 1923 569 1954 potius
582 1922 666 1948 tinem
678 1924 734 1948 litis
748 1924 876 1949 invenire
887 1933 969 1956 quam

50 1965 259 1998 subterfugere,
273 1973 331 1989 non
346 1966 509 1990 recedentes
523 1969 618 1992 tamen
634 1975 648 1992 a
663 1971 761 1992 nostra
772 1968 971 1994 commissione

48 2009 98 2035 tibi
114 2009 189 2034 sacta
201 2009 328 2034 contenti
339 2010 455 2034 suerunt
470 2011 675 2036 coramiudicio
692 2020 801 2037 camere
818 2015 865 2037 tue
876 2020 971 2037 coram

47 2061 103 2086 quo
118 2061 202 2078 cause
222 2053 383 2078 huiusmodi
410 2055 549 2080 intentate
571 2058 638 2080 sunt
659 2057 692 2081 de
715 2057 776 2081 iure
793 2065 844 2081 suo
862 2056 970 2090 discep-

47 2099 123 2128 tare,
143 2097 276 2130 ipsasque
294 2105 393 2122 causas
411 2098 519 2131 agitare
535 2102 620 2132 prout
637 2107 726 2132 nsque
739 2101 768 2125 in
778 2109 894 2133 presens
911 2101 970 2134 agi-

46 2141 185 2166 taverint.
206 2140 250 2166 Tu
266 2149 332 2165 vero
354 2141 415 2166 aliis
435 2142 529 2167 arduis
549 2144 712 2175 prepeditus
730 2145 853 2179 negotiis
871 2153 970 2169 causa-

46 2192 110 2209 rum
123 2185 284 2209 huiusmodi
303 2193 360 2210 non
376 2186 474 2213 valens
493 2187 611 2211 examini
628 2189 816 2219 personaliter
831 2189 969 2214 interesse

46 2229 156 2254 easdem
174 2228 265 2261 primo
282 2230 440 2255 honorabili
455 2230 564 2255 Jacobo
575 2231 658 2255 Claut
674 2231 849 2256 decretorum
863 2233 968 2258 doctori

47 2272 221 2303 commisisti,
236 2282 328 2298 coram
344 2282 397 2305 quo
411 2282 497 2306 super
515 2276 574 2299 iure
590 2275 728 2300 dictorum
738 2276 891 2311 conjugum
902 2286 970 2301 non-

47 2317 132 2341 nullis
150 2317 220 2341 datis
241 2318 368 2342 articulis
380 2338 385 2344 ,
406 2318 517 2350 illisque
537 2320 641 2343 decano
661 2322 689 2344 et
707 2321 831 2352 capitulo
849 2322 968 2353 pretatis

53 2360 87 2384 ad
101 2360 155 2385 hoc
171 2361 263 2386 debite
283 2362 390 2387 vocatis
415 2371 467 2387 nec
491 2364 748 2389 contradicentibus
771 2366 870 2390 saltem
887 2366 969 2399 legit-

1039 468 1106 493 time
1129 476 1180 500 per
1205 467 1310 492 dictum
1333 468 1454 493 iudicem
1478 469 1622 500 admissis,
1651 471 1765 495 tandem
1795 471 1916 496 decanus
1939 476 1965 497 ct

1039 512 1196 544 capitulum
1217 512 1352 544 sepedicti
1373 513 1484 538 favores
1508 515 1603 545 potius
1629 523 1710 546 (Î¼Î¹Î¹Î¹Î¹Î¹Î¹
1740 514 1874 540 iustitiam
1898 525 1951 548 que

1037 558 1133 580 rentes
1150 555 1344 581 honorabilem
1354 557 1489 581 decanum
1500 557 1527 581 in
1539 558 1630 591 Heyss
1647 559 1680 583 ad
1692 559 1861 584 audiendum
1875 564 1963 585 testes

1039 607 1090 631 per
1105 604 1251 632 utramque
1268 604 1378 633 partem
1398 602 1598 633 producendos
1613 603 1640 627 in
1658 604 1879 628 commissarium
1904 613 1917 629 a
1939 610 1964 629 tsÎ‡

1040 644 1090 668 sibi
1107 644 1236 676 deputari
1246 645 1438 673 obtimum-unt,
1456 649 1554 671 contra
1573 655 1655 678 quem
1673 647 1739 671 licet
1758 648 1809 680 ipsi
1827 648 1964 681 conjuge<

1039 687 1166 712 diversas
1189 688 1329 713 haberent
1347 690 1517 721 suspicionis
1541 699 1640 715 causas
1663 691 1848 716 nihilominus
1874 700 1908 716 ne
1934 693 1958 715 li'

1039 730 1110 756 tium
1127 732 1301 765 longissimis
1325 733 1508 758 allicerentur
1525 734 1676 766 dispendiis
1700 734 1729 759 in
1747 735 1867 760 eundem
1883 737 1961 761 deva

1039 783 1107 800 num
1122 776 1150 799 in
1165 776 1256 808 Reyss
1272 777 1305 801 ad
1321 777 1435 802 testium
1457 785 1507 809 per
1525 778 1671 803 adversam
1690 782 1800 811 partem
1812 780 1962 811 producto-

1038 828 1101 844 rum
1127 820 1361 844 examinationem
1391 824 1612 854 consenserunt:â·
1639 831 1733 848 coram
1761 832 1815 856 quo
1842 824 1963 849 testibus

1039 866 1191 896 utrumque
1212 865 1335 896 receptis
1360 873 1390 889 ac
1408 866 1572 891 examinatis
1596 870 1623 891 et
1642 871 1850 900 consequenter
1870 876 1963 892 coram

1039 911 1116 933 certo
1132 908 1186 932 alio
1204 909 1396 933 commissario
1412 910 1504 935 denuo
1523 911 1551 934 in
1567 911 1680 935 civitate
1692 911 1856 937 Coloniensi
1871 921 1920 944 per
1937 915 1964 937 te

1039 952 1174 984 deputato
1192 953 1276 977 etiam
1294 954 1440 978 nonnullis
1463 955 1524 979 aliis
1543 956 1662 980 testibus
1685 956 1711 980 in
1734 957 1831 981 cadem
1849 957 1963 982 civitate.

1039 999 1068 1020 et
1089 997 1116 1020 in
1140 997 1240 1020 vicinio
1265 997 1436 1030 degentibus
1462 1006 1513 1030 pro
1540 1002 1620 1030 parte
1646 1000 1784 1024 dit-torum
1809 1001 1962 1035 conjugum

1038 1041 1167 1072 receptis,
1185 1042 1332 1065 nonnullis
1350 1042 1409 1066 aliis
1426 1043 1532 1066 iuribus
1548 1044 1690 1075 productis
1710 1052 1741 1068 ac
1753 1046 1882 1070 exhibitis
1900 1055 1961 1070 cum

1038 1085 1128 1110 nichil
1143 1088 1264 1110 restaret
1280 1086 1308 1110 in
1324 1086 1485 1111 huiusmodi
1502 1088 1593 1112 causis
1612 1088 1664 1112 nisi
1681 1096 1726 1112 eas
1747 1091 1889 1115 sententie
1906 1092 1957 1115 calr

1039 1130 1102 1153 culo
1122 1129 1289 1161 terminare,
1313 1130 1434 1155 decanus
1458 1134 1486 1156 et
1510 1132 1663 1163 capitulum
1687 1131 1805 1164 predicti
1830 1138 1861 1159 ut
1885 1135 1961 1167 ipsos

1039 1173 1177 1206 conjuges
1197 1175 1344 1207 perpetuis
1370 1175 1462 1199 litium
1481 1183 1583 1201 vexare
1605 1176 1717 1208 possint
1739 1177 1913 1203 anfractibus
1932 1187 1962 1203 aÂ«-

1038 1225 1185 1242 causarum
1212 1218 1418 1250 expeditionem
1445 1220 1592 1252 protulere
1616 1222 1789 1246 sententiam
1813 1230 1845 1246 eo
1869 1223 1962 1247 colore

1038 1262 1171 1294 impedire
1180 1263 1318 1293 nituntur,
1332 1263 1404 1294 quod
1419 1266 1507 1288 testes
1522 1265 1629 1297 recepti
1649 1268 1677 1289 et
1692 1265 1744 1289 alia
1755 1265 1814 1290 iura
1825 1267 1960 1299 producta

1036 1306 1155 1330 suerunt
1170 1306 1218 1330 lite
1232 1314 1289 1330 non
1303 1310 1476 1339 contestata,
1497 1316 1560 1332 cum
1582 1310 1676 1333 tamen
1692 1309 1745 1342 ipsi
1763 1313 1895 1342 tanquam
1918 1320 1960 1335 zuÎ‡-

1036 1351 1112 1374 tores
1130 1350 1254 1381 prefatos
1276 1350 1412 1384 conjuges
1435 1358 1529 1375 coram
1553 1352 1660 1376 decano
1687 1353 1714 1377 in
1739 1353 1830 1386 Reyss
1849 1357 1960 1387 pretato

1038 1394 1069 1417 ad
1088 1393 1141 1417 hoc
1161 1393 1327 1425 impulerint
1348 1394 1457 1426 ipsique
1478 1397 1569 1428 primo
1593 1405 1658 1421 suos
1674 1399 1762 1422 testes
1778 1399 1960 1430 produ-<erint

1037 1439 1066 1461 et
1081 1436 1230 1461 examinari
1246 1439 1473 1469 procuraverint,
1495 1440 1637 1471 Quocirca
1651 1441 1732 1465 nobis
1748 1451 1798 1474 pro
1812 1446 1892 1474 parte
1903 1444 1958 1467 dic?

1037 1483 1129 1506 torum
1151 1482 1307 1515 conjugum
1326 1483 1380 1507 fuit
1393 1483 1539 1508 humiliter
1553 1485 1752 1517 supplicatum,
1768 1489 1799 1510 ut
1816 1487 1855 1511 eis
1875 1495 1961 1520 super

1036 1526 1090 1550 hoc
1118 1525 1150 1550 de
1172 1529 1313 1558 oportuno
1335 1528 1460 1552 remedio
1488 1536 1626 1561 generose
1651 1529 1874 1562 provideremus.
1901 1532 1960 1556 Nos

1036 1570 1124 1602 igitur
1144 1571 1324 1596 attendentes
1343 1572 1417 1604 quod
1432 1572 1548 1598 difficile
1571 1576 1615 1598 est
1637 1574 1750 1606 aliquod
1768 1575 1902 1600 iudicium
1921 1577 1960 1600 sic

1034 1615 1136 1638 ducere
1155 1615 1221 1646 quin
1243 1615 1337 1650 aliqua
1353 1624 1466 1649 semper
1480 1616 1620 1642 nullitatis
1642 1618 1763 1642 obiectio
1779 1620 1869 1651 possit
1883 1620 1960 1645 inve,

1035 1659 1102 1687 niri,
1123 1667 1187 1683 cum
1212 1659 1276 1683 dicti
1293 1659 1430 1693 conjuges
1449 1661 1523 1685 sicut
1540 1662 1660 1693 erperiri
1679 1663 1759 1686 nobis
1780 1664 1909 1688 fecerunt
1932 1665 1960 1689 in

1035 1703 1197 1727 huiusmodi
1217 1703 1273 1727 litis
1290 1705 1492 1736 prosecutione
1510 1708 1538 1730 et
1554 1706 1643 1737 ipsIus
1661 1709 1792 1739 pretextu
1808 1716 1960 1739 processus

1035 1746 1068 1771 ad
1084 1750 1236 1771 extremam
1252 1750 1448 1780 paupertatem
1471 1749 1527 1773 sint
1543 1750 1666 1781 redacti,
1686 1751 1812 1783 ipsorum
1829 1753 1961 1783 precibus

1036 1794 1204 1819 annuentes,
1224 1792 1274 1816 tibi
1295 1793 1464 1818 auctoritate
1480 1796 1578 1818 nostra
1593 1795 1673 1828 regia
1689 1803 1720 1819 ac
1737 1803 1767 1820 ex
1784 1795 1962 1830 plenitudine.

1037 1836 1184 1868 potestatis
1201 1835 1301 1860 harum
1318 1837 1390 1861 serie
1403 1837 1562 1862 litterarum
1572 1839 1774 1863 committimus
1789 1840 1962 1871 mandamus,

1037 1883 1177 1911 quatenus
1193 1879 1315 1905 constitu
1331 1881 1380 1905 tibi
1397 1881 1430 1906 de
1448 1882 1592 1914 premissis
1608 1882 1771 1907 huiusmodi
1793 1884 1850 1908 litis
1867 1888 1962 1909 conte>

1037 1924 1167 1948 stationis
1190 1925 1341 1949 amissione
1365 1933 1422 1949 non
1446 1927 1578 1951 obstante
1603 1935 1753 1951 causarum
1773 1929 1961 1960 predictarum

1037 1968 1206 2001 expeditioni
1228 1969 1288 1993 sola
1309 1969 1375 1993 facti
1399 1970 1518 1995 veritate
1536 1971 1664 2003 inspecta
1683 1972 1812 1996 intendas
1827 1980 1858 1997 ac
1876 1973 1962 2005 parti>

1035 2013 1087 2037 bus
1109 2012 1176 2045 ipsis
1195 2012 1302 2036 iustitie
1323 2014 1466 2038 ministres
1483 2015 1733 2046 complementum,
1752 2016 1868 2048 perinde
1889 2025 1920 2041 ac
1938 2018 1960 2041 si

1036 2057 1094 2080 litis
1110 2057 1280 2082 contestatio
1305 2058 1333 2082 in
1349 2057 1509 2083 huiusmodi
1534 2060 1624 2084 causis
1643 2060 1717 2084 facta
1741 2063 1768 2085 et
1794 2061 1846 2085 rite
1864 2062 1960 2085 oluer-

1035 2103 1100 2124 vata
1119 2101 1225 2131 fuisset,
1245 2100 1355 2136 legibus
1375 2110 1406 2126 ac
1424 2103 1678 2128 constitutionibus
1700 2107 1729 2128 et
1749 2105 1960 2129 consuetudini-

1036 2145 1087 2169 bus
1108 2146 1324 2178 quibuscunque
1343 2148 1371 2170 in
1392 2148 1569 2172 contrarium
1591 2147 1758 2172 facientibus
1782 2157 1960 2181 nequaquam

1035 2189 1232 2220 obstantibus,
1253 2191 1354 2221 quibus
1376 2193 1473 2215 tenore
1495 2192 1671 2223 presentium
1693 2192 1720 2216 in
1741 2192 1792 2216 hac
1811 2196 1892 2224 parte
1912 2194 1959 2217 de-

1035 2241 1169 2266 rogamus
1190 2241 1329 2266 expresse.
1351 2233 1531 2259 Presentium
1551 2250 1583 2252 â€”
1605 2236 1654 2259 sub
1675 2236 1818 2268 pendenti.

1106 2277 1208 2301 Datum
1230 2276 1427 2311 Nuremberge
1447 2279 1500 2309 xvij
1519 2278 1694 2312 Septembris
1714 2287 1788 2304 anno
1807 2283 1858 2306 etc.
1882 2281 1959 2313 xliiij.

1036 2321 1118 2355 regni
1137 2321 1228 2346 nostri
1249 2329 1323 2346 anno
1344 2323 1451 2354 quinto.

121 2499 178 2526 54.
210 2499 447 2536 Gericlzcsbrz'ef'
464 2504 505 2529 im
528 2503 679 2530 Processe
701 2504 756 2530 des
779 2504 892 2531 Hanns
917 2504 1145 2538 Fraunheryer
1165 2512 1265 2540 yeyen
1291 2505 1418 2541 Grafen
1441 2507 1596 2535 Heinrich
1619 2515 1663 2536 zu
1690 2507 1885 2544 Ortemberq.

236 2553 348 2588 1444,
369 2555 555 2590 september
576 2557 628 2585 18.
652 2557 745 2592 Reqy.
768 2558 827 2586 No.
852 2558 949 2586 1752.

120 2609 183 2635 VVir
202 2610 329 2637 Fridrich
358 2618 409 2639 etc.
435 2616 587 2642 bekennen
607 2620 659 2643 etc.
688 2618 739 2642 daz
766 2618 816 2643 auf
833 2617 969 2654 heutigen

47 2657 97 2687 tag
116 2654 210 2679 datum
231 2655 289 2680 disz
308 2657 395 2682 briet's
415 2667 465 2683 vor
485 2660 547 2684 dem
569 2661 651 2686 edeln
667 2661 791 2686 Conratn
811 2662 915 2688 herren
935 2672 970 2688 zu

46 2698 198 2733 Winsperg
219 2699 267 2725 des
289 2700 416 2735 heiligen
431 2703 506 2728 ricbs
523 2705 683 2731 erbcamrer
699 2706 739 2731 als
756 2705 806 2731 der
821 2714 855 2731 an
871 2715 970 2733 vnsrer

1035 2622 1092 2644 stat
1118 2628 1202 2645 vnser
1228 2621 1379 2654 kuniglich
1407 2622 1616 2655 camergericht
1634 2622 1770 2648 besessen
1788 2623 1853 2655 hat,
1874 2632 1959 2649 vuser

1036 2664 1091 2688 vnd
1119 2664 1167 2689 des
1194 2665 1271 2688 richs
1292 2665 1379 2690 lieber
1398 2668 1516 2699 getruer
1534 2666 1647 2691 Hannss
1668 2667 1874 2701 Frawnberger
1893 2676 1956 2693 zum

1036 2707 1100 2742 Hag
1120 2716 1156 2733 zu
1180 2708 1350 2734 Valkenvels
1380 2710 1457 2743 clagt
1476 2709 1526 2735 hat
1546 2718 1581 2735 zu
1602 2711 1663 2735 dem
1684 2710 1768 2736 edeln
1784 2711 1957 2737 Heinrichcu
