<?xml version="1.0" encoding="UTF-8"?>
<!DOCTYPE html PUBLIC "-//W3C//DTD XHTML 1.0 Transitional//EN"
    "http://www.w3.org/TR/xhtml1/DTD/xhtml1-transitional.dtd">
<html xmlns="http://www.w3.org/1999/xhtml" xml:lang="en" lang="en">
 <head>
  <title>
</title>
<meta http-equiv="Content-Type" content="text/html;charset=utf-8" />
  <meta name='ocr-system' content='tesseract 3.04.00' />
  <meta name='ocr-capabilities' content='ocr_page ocr_carea ocr_par ocr_line ocrx_word'/>
</head>
<body>
  <div class='ocr_page' id='page_1' title='image "./regestachronolog01chmeuoft_0106.png"; bbox 0 0 2209 2858; ppageno 0'>
   <div class='ocr_carea' id='block_1_1' title="bbox 203 162 318 197">
    <p class='ocr_par' dir='ltr' id='par_1_1' title="bbox 203 162 318 197">
     <span class='ocr_line' id='line_1_1' title="bbox 203 162 318 197; baseline -0.017 0"><span class='ocrx_word' id='word_1_1' title='bbox 203 162 318 197; x_wconf 83' lang='lat' dir='ltr'>XCIV</span> 
     </span>
    </p>
   </div>
   <div class='ocr_carea' id='block_1_2' title="bbox 586 145 1768 204">
    <p class='ocr_par' dir='ltr' id='par_1_2' title="bbox 586 145 1768 204">
     <span class='ocr_line' id='line_1_2' title="bbox 586 145 1768 204; baseline 0 -14"><span class='ocrx_word' id='word_1_2' title='bbox 586 148 796 204; x_wconf 80' lang='lat' dir='ltr'>Anhang.</span> <span class='ocrx_word' id='word_1_3' title='bbox 831 146 992 204; x_wconf 70' lang='lat' dir='ltr'><strong>Konig</strong></span> <span class='ocrx_word' id='word_1_4' title='bbox 1019 145 1268 188; x_wconf 78' lang='lat' dir='ltr'><strong>Friedrich</strong></span> <span class='ocrx_word' id='word_1_5' title='bbox 1300 145 1387 188; x_wconf 76' lang='lat' dir='ltr'><strong>IV.</strong></span> <span class='ocrx_word' id='word_1_6' title='bbox 1434 155 1553 197; x_wconf 81' lang='grc'><strong>1448,</strong></span> <span class='ocrx_word' id='word_1_7' title='bbox 1581 156 1681 191; x_wconf 68' lang='lat' dir='ltr'><strong>Miirz</strong></span> <span class='ocrx_word' id='word_1_8' title='bbox 1710 156 1768 191; x_wconf 82' lang='lat'><strong>19.</strong></span> 
     </span>
    </p>
   </div>
   <div class='ocr_carea' id='block_1_3' title="bbox 211 238 2124 257">
    <p class='ocr_par' dir='ltr' id='par_1_3' title="bbox 211 238 2124 257">
     <span class='ocr_line' id='line_1_3' title="bbox 211 238 2124 257; baseline 0 2601"><span class='ocrx_word' id='word_1_9' title='bbox 211 238 2124 257; x_wconf 95' lang='lat' dir='ltr'><strong> </strong></span> 
     </span>
    </p>
   </div>
   <div class='ocr_carea' id='block_1_4' title="bbox 256 313 2114 353">
    <p class='ocr_par' dir='ltr' id='par_1_4' title="bbox 256 313 2114 353">
     <span class='ocr_line' id='line_1_4' title="bbox 256 313 2114 353; baseline -0.002 -6"><span class='ocrx_word' id='word_1_10' title='bbox 256 321 308 347; x_wconf 70' lang='lat'><strong>76.</strong></span> <span class='ocrx_word' id='word_1_11' title='bbox 338 319 438 353; x_wconf 63' lang='lat' dir='ltr'><strong>Panse</strong></span> <span class='ocrx_word' id='word_1_12' title='bbox 460 316 614 345; x_wconf 70' lang='lat' dir='ltr'><strong>Nic-olaus</strong></span> <span class='ocrx_word' id='word_1_13' title='bbox 643 316 678 344; x_wconf 89' lang='lat' dir='ltr'><strong>V.</strong></span> <span class='ocrx_word' id='word_1_14' title='bbox 703 315 849 349; x_wconf 66' lang='lat' dir='ltr'><strong>bestdciqc</strong></span> <span class='ocrx_word' id='word_1_15' title='bbox 870 314 928 341; x_wconf 81' lang='lat' dir='ltr'><strong>das</strong></span> <span class='ocrx_word' id='word_1_16' title='bbox 951 321 997 341; x_wconf 80' lang='lat' dir='ltr'><strong>zu</strong></span> <span class='ocrx_word' id='word_1_17' title='bbox 1024 313 1118 341; x_wconf 83' lang='lat' dir='ltr'><strong>Wien</strong></span> <span class='ocrx_word' id='word_1_18' title='bbox 1141 313 1402 348; x_wconf 70' lang='lat' dir='ltr'><strong>abyesclaelossene</strong></span> <span class='ocrx_word' id='word_1_19' title='bbox 1428 313 1607 341; x_wconf 78' lang='lat' dir='ltr'><strong>Concordac</strong></span> <span class='ocrx_word' id='word_1_20' title='bbox 1629 313 1686 341; x_wconf 81' lang='lat' dir='ltr'><strong>mic</strong></span> <span class='ocrx_word' id='word_1_21' title='bbox 1709 315 1766 341; x_wconf 79' lang='lat' dir='ltr'><strong>der</strong></span> <span class='ocrx_word' id='word_1_22' title='bbox 1798 314 1971 342; x_wconf 59' lang='lat' dir='ltr'><strong>deust-chen</strong></span> <span class='ocrx_word' id='word_1_23' title='bbox 1994 315 2114 343; x_wconf 64' lang='lat' dir='ltr'><strong>Natam</strong></span> 
     </span>
    </p>
   </div>
   <div class='ocr_carea' id='block_1_5' title="bbox 339 368 967 407">
    <p class='ocr_par' dir='ltr' id='par_1_5' title="bbox 339 368 967 407">
     <span class='ocr_line' id='line_1_5' title="bbox 339 368 967 407; baseline -0.003 -9"><span class='ocrx_word' id='word_1_24' title='bbox 339 371 450 407; x_wconf 78' lang='lat'><strong><em>1448,</em></strong></span> <span class='ocrx_word' id='word_1_25' title='bbox 473 370 570 398; x_wconf 65' lang='lat' dir='ltr'><strong>Mdrz</strong></span> <span class='ocrx_word' id='word_1_26' title='bbox 594 370 647 398; x_wconf 85' lang='lat'><strong>19.</strong></span> <span class='ocrx_word' id='word_1_27' title='bbox 671 370 764 404; x_wconf 72' lang='lat' dir='ltr'><strong>Reqq.</strong></span> <span class='ocrx_word' id='word_1_28' title='bbox 787 369 845 396; x_wconf 86' lang='lat' dir='ltr'><strong>No.</strong></span> <span class='ocrx_word' id='word_1_29' title='bbox 869 368 967 396; x_wconf 77' lang='lat'><strong><em>2431.</em></strong></span> 
     </span>
    </p>
   </div>
   <div class='ocr_carea' id='block_1_6' title="bbox 201 441 1131 2641">
    <p class='ocr_par' dir='ltr' id='par_1_6' title="bbox 201 441 1131 2641">
     <span class='ocr_line' id='line_1_6' title="bbox 274 441 1127 477; baseline -0.006 -7"><span class='ocrx_word' id='word_1_30' title='bbox 274 445 406 470; x_wconf 80' lang='lat' dir='ltr'><strong>Nicolaus</strong></span> <span class='ocrx_word' id='word_1_31' title='bbox 433 445 586 477; x_wconf 85' lang='lat' dir='ltr'><strong>episcopus</strong></span> <span class='ocrx_word' id='word_1_32' title='bbox 616 452 715 469; x_wconf 80' lang='lat' dir='ltr'><strong>servus</strong></span> <span class='ocrx_word' id='word_1_33' title='bbox 737 451 882 468; x_wconf 82' lang='lat' dir='ltr'><strong>servorum</strong></span> <span class='ocrx_word' id='word_1_34' title='bbox 910 442 953 467; x_wconf 88' lang='lat' dir='ltr'><strong>dei</strong></span> <span class='ocrx_word' id='word_1_35' title='bbox 975 441 1009 467; x_wconf 85' lang='lat' dir='ltr'><strong>ad</strong></span> <span class='ocrx_word' id='word_1_36' title='bbox 1028 449 1127 474; x_wconf 77' lang='lat' dir='ltr'><strong>perpe-</strong></span> 
     </span>
     <span class='ocr_line' id='line_1_7' title="bbox 204 485 1130 515; baseline -0.005 -1"><span class='ocrx_word' id='word_1_37' title='bbox 204 495 281 515; x_wconf 82' lang='lat' dir='ltr'><strong>tuam</strong></span> <span class='ocrx_word' id='word_1_38' title='bbox 301 490 340 514; x_wconf 86' lang='lat' dir='ltr'><strong>rei</strong></span> <span class='ocrx_word' id='word_1_39' title='bbox 361 488 538 514; x_wconf 86' lang='lat' dir='ltr'><strong>memoriam.</strong></span> <span class='ocrx_word' id='word_1_40' title='bbox 558 488 598 513; x_wconf 85' lang='lat' dir='ltr'><strong>Ad</strong></span> <span class='ocrx_word' id='word_1_41' title='bbox 619 496 727 513; x_wconf 83' lang='lat' dir='ltr'><strong>sacram</strong></span> <span class='ocrx_word' id='word_1_42' title='bbox 743 487 821 512; x_wconf 82' lang='lat' dir='ltr'><strong>Petri</strong></span> <span class='ocrx_word' id='word_1_43' title='bbox 843 487 939 511; x_wconf 81' lang='lat' dir='ltr'><strong>sedem</strong></span> <span class='ocrx_word' id='word_1_44' title='bbox 959 486 1053 510; x_wconf 87' lang='lat' dir='ltr'><strong>divina</strong></span> <span class='ocrx_word' id='word_1_45' title='bbox 1074 485 1130 510; x_wconf 84' lang='lat' dir='ltr'><strong>dis-</strong></span> 
     </span>
     <span class='ocr_line' id='line_1_8' title="bbox 204 530 1129 567; baseline -0.003 -10"><span class='ocrx_word' id='word_1_46' title='bbox 204 535 344 567; x_wconf 83' lang='lat' dir='ltr'><strong>positione</strong></span> <span class='ocrx_word' id='word_1_47' title='bbox 372 534 534 564; x_wconf 80' lang='lat' dir='ltr'><strong>sublimati,</strong></span> <span class='ocrx_word' id='word_1_48' title='bbox 555 533 676 566; x_wconf 77' lang='lat' dir='ltr'><strong>singulis</strong></span> <span class='ocrx_word' id='word_1_49' title='bbox 702 541 755 564; x_wconf 88' lang='lat' dir='ltr'><strong>que</strong></span> <span class='ocrx_word' id='word_1_50' title='bbox 777 540 829 564; x_wconf 89' lang='lat' dir='ltr'><strong>pro</strong></span> <span class='ocrx_word' id='word_1_51' title='bbox 850 530 1020 556; x_wconf 80' lang='lat' dir='ltr'><strong>universalis</strong></span> <span class='ocrx_word' id='word_1_52' title='bbox 1038 530 1129 555; x_wconf 87' lang='lat' dir='ltr'><strong>eccle-</strong></span> 
     </span>
     <span class='ocr_line' id='line_1_9' title="bbox 206 575 1129 609; baseline -0.004 -6"><span class='ocrx_word' id='word_1_53' title='bbox 206 579 263 603; x_wconf 81' lang='lat' dir='ltr'><strong>siae</strong></span> <span class='ocrx_word' id='word_1_54' title='bbox 280 579 383 603; x_wconf 91' lang='lat' dir='ltr'><strong>unione</strong></span> <span class='ocrx_word' id='word_1_55' title='bbox 402 586 432 602; x_wconf 88' lang='lat' dir='ltr'><strong>ac</strong></span> <span class='ocrx_word' id='word_1_56' title='bbox 452 585 519 609; x_wconf 88' lang='lat' dir='ltr'><strong>pace</strong></span> <span class='ocrx_word' id='word_1_57' title='bbox 542 580 569 601; x_wconf 87' lang='lat' dir='ltr'><strong>et</strong></span> <span class='ocrx_word' id='word_1_58' title='bbox 586 577 793 608; x_wconf 78' lang='lat' dir='ltr'><strong>tranquillitate</strong></span> <span class='ocrx_word' id='word_1_59' title='bbox 810 576 960 608; x_wconf 74' lang='lat' dir='ltr'><strong>profutura</strong></span> <span class='ocrx_word' id='word_1_60' title='bbox 982 575 1043 599; x_wconf 77' lang='lat' dir='ltr'><strong>fore</strong></span> <span class='ocrx_word' id='word_1_61' title='bbox 1063 582 1129 599; x_wconf 86' lang='lat' dir='ltr'><strong>con-</strong></span> 
     </span>
     <span class='ocr_line' id='line_1_10' title="bbox 206 618 1129 654; baseline -0.003 -8"><span class='ocrx_word' id='word_1_62' title='bbox 206 623 356 654; x_wconf 82' lang='lat' dir='ltr'><strong>spicimus,</strong></span> <span class='ocrx_word' id='word_1_63' title='bbox 376 622 530 654; x_wconf 85' lang='lat' dir='ltr'><strong>apostolice</strong></span> <span class='ocrx_word' id='word_1_64' title='bbox 550 620 730 653; x_wconf 77' lang='lat' dir='ltr'><strong>providentie</strong></span> <span class='ocrx_word' id='word_1_65' title='bbox 752 620 932 644; x_wconf 79' lang='lat' dir='ltr'>solicitudine</span> <span class='ocrx_word' id='word_1_66' title='bbox 948 619 1070 644; x_wconf 77' lang='lat' dir='ltr'><strong>libenter</strong></span> <span class='ocrx_word' id='word_1_67' title='bbox 1087 618 1129 643; x_wconf 92' lang='lat' dir='ltr'><strong>in-</strong></span> 
     </span>
     <span class='ocr_line' id='line_1_11' title="bbox 204 664 1128 697; baseline -0.003 -7"><span class='ocrx_word' id='word_1_68' title='bbox 204 666 347 691; x_wconf 78' lang='lat' dir='ltr'><strong>tendimus</strong></span> <span class='ocrx_word' id='word_1_69' title='bbox 371 669 399 690; x_wconf 90' lang='lat' dir='ltr'><strong>et</strong></span> <span class='ocrx_word' id='word_1_70' title='bbox 416 665 449 690; x_wconf 89' lang='lat' dir='ltr'><strong>ad</strong></span> <span class='ocrx_word' id='word_1_71' title='bbox 466 666 578 690; x_wconf 72' lang='lat' dir='ltr'><strong>felicem</strong></span> <span class='ocrx_word' id='word_1_72' title='bbox 597 665 710 689; x_wconf 90' lang='lat' dir='ltr'><strong>illorum</strong></span> <span class='ocrx_word' id='word_1_73' title='bbox 725 664 955 697; x_wconf 80' lang='lat' dir='ltr'><strong>prosecutionem</strong></span> <span class='ocrx_word' id='word_1_74' title='bbox 980 665 1008 688; x_wconf 87' lang='lat' dir='ltr'><strong>et</strong></span> <span class='ocrx_word' id='word_1_75' title='bbox 1025 670 1128 687; x_wconf 87' lang='lat' dir='ltr'><strong>consu-</strong></span> 
     </span>
     <span class='ocr_line' id='line_1_12' title="bbox 201 705 1128 742; baseline -0.003 -8"><span class='ocrx_word' id='word_1_76' title='bbox 201 710 357 734; x_wconf 78' lang='lat' dir='ltr'><strong>mationem</strong></span> <span class='ocrx_word' id='word_1_77' title='bbox 373 717 455 741; x_wconf 87' lang='lat' dir='ltr'><strong>opem</strong></span> <span class='ocrx_word' id='word_1_78' title='bbox 477 713 505 733; x_wconf 91' lang='lat' dir='ltr'><strong>et</strong></span> <span class='ocrx_word' id='word_1_79' title='bbox 521 716 636 741; x_wconf 88' lang='lat' dir='ltr'><strong>operam</strong></span> <span class='ocrx_word' id='word_1_80' title='bbox 655 708 846 742; x_wconf 82' lang='lat' dir='ltr'><strong>impendimus</strong></span> <span class='ocrx_word' id='word_1_81' title='bbox 861 708 1000 732; x_wconf 76' lang='lat' dir='ltr'><strong>efficaces.</strong></span> <span class='ocrx_word' id='word_1_82' title='bbox 1028 705 1128 740; x_wconf 80' lang='lat' dir='ltr'><strong>Nuper</strong></span> 
     </span>
     <span class='ocr_line' id='line_1_13' title="bbox 203 750 1128 785; baseline -0.003 -7"><span class='ocrx_word' id='word_1_83' title='bbox 203 754 339 785; x_wconf 83' lang='lat' dir='ltr'><strong>siquidem</strong></span> <span class='ocrx_word' id='word_1_84' title='bbox 363 753 527 777; x_wconf 84' lang='lat' dir='ltr'><strong>carissimus</strong></span> <span class='ocrx_word' id='word_1_85' title='bbox 553 753 579 776; x_wconf 91' lang='lat' dir='ltr'><strong>in</strong></span> <span class='ocrx_word' id='word_1_86' title='bbox 600 753 715 777; x_wconf 74' lang='lat' dir='ltr'><strong>Christo</strong></span> <span class='ocrx_word' id='word_1_87' title='bbox 740 752 815 777; x_wconf 79' lang='lat' dir='ltr'><strong>filius</strong></span> <span class='ocrx_word' id='word_1_88' title='bbox 840 754 938 776; x_wconf 84' lang='lat' dir='ltr'><strong>noster</strong></span> <span class='ocrx_word' id='word_1_89' title='bbox 957 750 1128 775; x_wconf 84' lang='lat' dir='ltr'><strong>Fredericus</strong></span> 
     </span>
     <span class='ocr_line' id='line_1_14' title="bbox 201 796 1127 822; baseline -0.002 -1"><span class='ocrx_word' id='word_1_90' title='bbox 201 797 392 822; x_wconf 76' lang='lat' dir='ltr'><strong>Romanorum</strong></span> <span class='ocrx_word' id='word_1_91' title='bbox 418 805 466 821; x_wconf 77' lang='lat' dir='ltr'><strong>rex</strong></span> <span class='ocrx_word' id='word_1_92' title='bbox 492 797 613 821; x_wconf 88' lang='lat' dir='ltr'><strong>illustris</strong></span> <span class='ocrx_word' id='word_1_93' title='bbox 640 800 669 821; x_wconf 83' lang='lat' dir='ltr'><strong>et</strong></span> <span class='ocrx_word' id='word_1_94' title='bbox 685 797 817 821; x_wconf 81' lang='lat' dir='ltr'><strong>nonnulli</strong></span> <span class='ocrx_word' id='word_1_95' title='bbox 837 797 882 821; x_wconf 93' lang='lat' dir='ltr'><strong>alii</strong></span> <span class='ocrx_word' id='word_1_96' title='bbox 899 796 996 820; x_wconf 90' lang='lat' dir='ltr'><strong>dilecti</strong></span> <span class='ocrx_word' id='word_1_97' title='bbox 1013 796 1064 820; x_wconf 86' lang='lat' dir='ltr'><strong>filii</strong></span> <span class='ocrx_word' id='word_1_98' title='bbox 1083 802 1127 819; x_wconf 87' lang='lat' dir='ltr'><strong>ec-</strong></span> 
     </span>
     <span class='ocr_line' id='line_1_15' title="bbox 202 839 1128 873; baseline 0 -9"><span class='ocrx_word' id='word_1_99' title='bbox 202 841 352 865; x_wconf 85' lang='lat' dir='ltr'><strong>clesiastici</strong></span> <span class='ocrx_word' id='word_1_100' title='bbox 373 845 401 866; x_wconf 87' lang='lat' dir='ltr'><strong>et</strong></span> <span class='ocrx_word' id='word_1_101' title='bbox 416 841 557 865; x_wconf 80' lang='lat' dir='ltr'><strong>seculares</strong></span> <span class='ocrx_word' id='word_1_102' title='bbox 578 842 719 873; x_wconf 70' lang='lat' dir='ltr'><strong>principes</strong></span> <span class='ocrx_word' id='word_1_103' title='bbox 744 841 840 865; x_wconf 88' lang='lat' dir='ltr'><strong>inclite</strong></span> <span class='ocrx_word' id='word_1_104' title='bbox 866 840 991 865; x_wconf 85' lang='lat' dir='ltr'><strong>nationis</strong></span> <span class='ocrx_word' id='word_1_105' title='bbox 1009 839 1128 865; x_wconf 88' lang='lat' dir='ltr'><strong>Germa-</strong></span> 
     </span>
     <span class='ocr_line' id='line_1_16' title="bbox 202 883 1128 910; baseline -0.002 0"><span class='ocrx_word' id='word_1_106' title='bbox 202 886 262 910; x_wconf 85' lang='lat' dir='ltr'><strong>nice</strong></span> <span class='ocrx_word' id='word_1_107' title='bbox 282 893 312 909; x_wconf 79' lang='lat' dir='ltr'><strong>ex</strong></span> <span class='ocrx_word' id='word_1_108' title='bbox 328 893 382 909; x_wconf 89' lang='lat' dir='ltr'><strong>una</strong></span> <span class='ocrx_word' id='word_1_109' title='bbox 398 893 429 909; x_wconf 83' lang='lat' dir='ltr'><strong>ac</strong></span> <span class='ocrx_word' id='word_1_110' title='bbox 445 885 569 909; x_wconf 81' lang='lat' dir='ltr'><strong>dilectus</strong></span> <span class='ocrx_word' id='word_1_111' title='bbox 585 885 661 910; x_wconf 87' lang='lat' dir='ltr'><strong>filius</strong></span> <span class='ocrx_word' id='word_1_112' title='bbox 677 888 777 910; x_wconf 88' lang='lat' dir='ltr'><strong>noster</strong></span> <span class='ocrx_word' id='word_1_113' title='bbox 789 885 937 910; x_wconf 86' lang='lat' dir='ltr'><strong>Johannes</strong></span> <span class='ocrx_word' id='word_1_114' title='bbox 954 884 1051 909; x_wconf 91' lang='lat' dir='ltr'><strong>Sancti</strong></span> <span class='ocrx_word' id='word_1_115' title='bbox 1069 883 1128 908; x_wconf 88' lang='lat' dir='ltr'><strong>An-</strong></span> 
     </span>
     <span class='ocr_line' id='line_1_17' title="bbox 202 927 1127 962; baseline -0.001 -8"><span class='ocrx_word' id='word_1_116' title='bbox 202 930 258 961; x_wconf 69' lang='lat' dir='ltr'><strong>geli</strong></span> <span class='ocrx_word' id='word_1_117' title='bbox 274 929 407 953; x_wconf 79' lang='lat' dir='ltr'><strong>diaconus</strong></span> <span class='ocrx_word' id='word_1_118' title='bbox 431 929 582 954; x_wconf 84' lang='lat' dir='ltr'><strong>cardinalis</strong></span> <span class='ocrx_word' id='word_1_119' title='bbox 605 929 632 954; x_wconf 88' lang='lat' dir='ltr'><strong>in</strong></span> <span class='ocrx_word' id='word_1_120' title='bbox 650 929 779 962; x_wconf 90' lang='lat' dir='ltr'><strong>partibus</strong></span> <span class='ocrx_word' id='word_1_121' title='bbox 802 930 856 954; x_wconf 90' lang='lat' dir='ltr'><strong>illis</strong></span> <span class='ocrx_word' id='word_1_122' title='bbox 881 927 1038 962; x_wconf 87' lang='lat' dir='ltr'><strong>apostolice</strong></span> <span class='ocrx_word' id='word_1_123' title='bbox 1053 928 1127 953; x_wconf 87' lang='lat' dir='ltr'><strong>sedis</strong></span> 
     </span>
     <span class='ocr_line' id='line_1_18' title="bbox 204 971 1127 1006; baseline 0 -10"><span class='ocrx_word' id='word_1_124' title='bbox 204 974 236 997; x_wconf 73' lang='lat' dir='ltr'><strong>de</strong></span> <span class='ocrx_word' id='word_1_125' title='bbox 262 974 349 997; x_wconf 75' lang='lat' dir='ltr'><strong>latere</strong></span> <span class='ocrx_word' id='word_1_126' title='bbox 374 973 486 1006; x_wconf 78' lang='lat' dir='ltr'><strong>legatus</strong></span> <span class='ocrx_word' id='word_1_127' title='bbox 512 981 563 1006; x_wconf 90' lang='lat' dir='ltr'><strong>per</strong></span> <span class='ocrx_word' id='word_1_128' title='bbox 582 981 634 998; x_wconf 86' lang='lat' dir='ltr'><strong>nos</strong></span> <span class='ocrx_word' id='word_1_129' title='bbox 657 974 690 998; x_wconf 89' lang='lat' dir='ltr'><strong>ad</strong></span> <span class='ocrx_word' id='word_1_130' title='bbox 706 974 796 998; x_wconf 85' lang='lat' dir='ltr'><strong>dietas</strong></span> <span class='ocrx_word' id='word_1_131' title='bbox 811 976 906 1006; x_wconf 85' lang='lat' dir='ltr'><strong>partes</strong></span> <span class='ocrx_word' id='word_1_132' title='bbox 924 973 1030 998; x_wconf 85' lang='lat' dir='ltr'><strong>missus</strong></span> <span class='ocrx_word' id='word_1_133' title='bbox 1049 971 1127 997; x_wconf 80' lang='lat' dir='ltr'><strong>suffi-</strong></span> 
     </span>
     <span class='ocr_line' id='line_1_19' title="bbox 203 1016 1129 1050; baseline 0.001 -10"><span class='ocrx_word' id='word_1_134' title='bbox 203 1018 287 1041; x_wconf 63' lang='lat' dir='ltr'><strong>cienti</strong></span> <span class='ocrx_word' id='word_1_135' title='bbox 306 1017 427 1048; x_wconf 82' lang='lat' dir='ltr'><strong>desuper</strong></span> <span class='ocrx_word' id='word_1_136' title='bbox 443 1024 457 1041; x_wconf 87' lang='lat' dir='ltr'><strong>a</strong></span> <span class='ocrx_word' id='word_1_137' title='bbox 474 1017 558 1041; x_wconf 84' lang='lat' dir='ltr'><strong>nobis</strong></span> <span class='ocrx_word' id='word_1_138' title='bbox 574 1019 602 1042; x_wconf 84' lang='lat' dir='ltr'><strong>et</strong></span> <span class='ocrx_word' id='word_1_139' title='bbox 626 1017 691 1042; x_wconf 88' lang='lat' dir='ltr'><strong>sede</strong></span> <span class='ocrx_word' id='word_1_140' title='bbox 707 1018 862 1050; x_wconf 82' lang='lat' dir='ltr'><strong>apostolica</strong></span> <span class='ocrx_word' id='word_1_141' title='bbox 880 1017 1050 1041; x_wconf 88' lang='lat' dir='ltr'><strong>auctoritate</strong></span> <span class='ocrx_word' id='word_1_142' title='bbox 1072 1016 1129 1041; x_wconf 83' lang='lat' dir='ltr'><strong>suf-</strong></span> 
     </span>
     <span class='ocr_line' id='line_1_20' title="bbox 202 1061 1128 1093; baseline 0 -9"><span class='ocrx_word' id='word_1_143' title='bbox 202 1061 290 1085; x_wconf 86' lang='lat' dir='ltr'><strong>lultus</strong></span> <span class='ocrx_word' id='word_1_144' title='bbox 310 1069 341 1085; x_wconf 73' lang='lat' dir='ltr'><strong>ex</strong></span> <span class='ocrx_word' id='word_1_145' title='bbox 357 1061 409 1085; x_wconf 85' lang='lat' dir='ltr'><strong>alia</strong></span> <span class='ocrx_word' id='word_1_146' title='bbox 428 1062 554 1093; x_wconf 88' lang='lat' dir='ltr'><strong>partibus</strong></span> <span class='ocrx_word' id='word_1_147' title='bbox 573 1061 698 1087; x_wconf 80' lang='lat' dir='ltr'><strong>Romane</strong></span> <span class='ocrx_word' id='word_1_148' title='bbox 717 1062 837 1087; x_wconf 73' lang='lat' dir='ltr'><strong>ecclesie</strong></span> <span class='ocrx_word' id='word_1_149' title='bbox 862 1064 890 1086; x_wconf 85' lang='lat' dir='ltr'><strong>et</strong></span> <span class='ocrx_word' id='word_1_150' title='bbox 912 1062 985 1086; x_wconf 91' lang='lat' dir='ltr'><strong>dicte</strong></span> <span class='ocrx_word' id='word_1_151' title='bbox 1003 1061 1128 1085; x_wconf 87' lang='lat' dir='ltr'><strong>nationis</strong></span> 
     </span>
     <span class='ocr_line' id='line_1_21' title="bbox 201 1104 1128 1138; baseline 0.001 -10"><span class='ocrx_word' id='word_1_152' title='bbox 201 1105 365 1129; x_wconf 86' lang='lat' dir='ltr'><strong>nominibus</strong></span> <span class='ocrx_word' id='word_1_153' title='bbox 381 1113 432 1138; x_wconf 87' lang='lat' dir='ltr'><strong>pro</strong></span> <span class='ocrx_word' id='word_1_154' title='bbox 452 1106 540 1138; x_wconf 78' lang='lat' dir='ltr'><strong>ipsius</strong></span> <span class='ocrx_word' id='word_1_155' title='bbox 560 1106 680 1130; x_wconf 85' lang='lat' dir='ltr'><strong>ecclesie</strong></span> <span class='ocrx_word' id='word_1_156' title='bbox 695 1104 800 1130; x_wconf 87' lang='lat' dir='ltr'><strong>unione</strong></span> <span class='ocrx_word' id='word_1_157' title='bbox 818 1104 930 1138; x_wconf 68' lang='lat' dir='ltr'><strong>et&#39;pace</strong></span> <span class='ocrx_word' id='word_1_158' title='bbox 947 1112 977 1129; x_wconf 91' lang='lat' dir='ltr'><strong>ac</strong></span> <span class='ocrx_word' id='word_1_159' title='bbox 992 1105 1128 1138; x_wconf 89' lang='lat' dir='ltr'><strong>tranquil-</strong></span> 
     </span>
     <span class='ocr_line' id='line_1_22' title="bbox 204 1149 1129 1183; baseline 0.001 -11"><span class='ocrx_word' id='word_1_160' title='bbox 204 1149 282 1173; x_wconf 87' lang='lat' dir='ltr'><strong>litate</strong></span> <span class='ocrx_word' id='word_1_161' title='bbox 297 1150 371 1174; x_wconf 83' lang='lat' dir='ltr'><strong>inter</strong></span> <span class='ocrx_word' id='word_1_162' title='bbox 387 1150 536 1174; x_wconf 82' lang='lat' dir='ltr'><strong>ecclesiam</strong></span> <span class='ocrx_word' id='word_1_163' title='bbox 559 1153 586 1175; x_wconf 91' lang='lat' dir='ltr'><strong>et</strong></span> <span class='ocrx_word' id='word_1_164' title='bbox 606 1150 753 1175; x_wconf 83' lang='lat' dir='ltr'><strong>nationem</strong></span> <span class='ocrx_word' id='word_1_165' title='bbox 767 1150 908 1183; x_wconf 89' lang='lat' dir='ltr'><strong>predictas</strong></span> <span class='ocrx_word' id='word_1_166' title='bbox 925 1153 1065 1182; x_wconf 85' lang='lat' dir='ltr'><strong>perpetuo</strong></span> <span class='ocrx_word' id='word_1_167' title='bbox 1084 1158 1129 1174; x_wconf 88' lang='lat' dir='ltr'><strong>so-</strong></span> 
     </span>
     <span class='ocr_line' id='line_1_23' title="bbox 204 1193 1127 1219; baseline 0.001 -2"><span class='ocrx_word' id='word_1_168' title='bbox 204 1193 320 1217; x_wconf 82' lang='lat' dir='ltr'><strong>lidandis</strong></span> <span class='ocrx_word' id='word_1_169' title='bbox 330 1194 551 1218; x_wconf 77' lang='lat' dir='ltr'><strong>etconfovendis</strong></span> <span class='ocrx_word' id='word_1_170' title='bbox 566 1194 675 1219; x_wconf 87' lang='lat' dir='ltr'><strong>diversa</strong></span> <span class='ocrx_word' id='word_1_171' title='bbox 692 1194 872 1219; x_wconf 79' lang='lat' dir='ltr'><strong>rationabilia</strong></span> <span class='ocrx_word' id='word_1_172' title='bbox 888 1194 1005 1219; x_wconf 87' lang='lat' dir='ltr'><strong>etutilia</strong></span> <span class='ocrx_word' id='word_1_173' title='bbox 1015 1193 1127 1218; x_wconf 89' lang='lat' dir='ltr'><strong>ordina-</strong></span> 
     </span>
     <span class='ocr_line' id='line_1_24' title="bbox 203 1237 1129 1271; baseline 0.003 -11"><span class='ocrx_word' id='word_1_174' title='bbox 203 1237 294 1261; x_wconf 77' lang='lat' dir='ltr'><strong>tiones</strong></span> <span class='ocrx_word' id='word_1_175' title='bbox 305 1245 336 1261; x_wconf 78' lang='lat' dir='ltr'><strong>ac</strong></span> <span class='ocrx_word' id='word_1_176' title='bbox 349 1240 455 1262; x_wconf 87' lang='lat' dir='ltr'><strong>statuta</strong></span> <span class='ocrx_word' id='word_1_177' title='bbox 467 1246 480 1262; x_wconf 86' lang='lat' dir='ltr'><strong>a</strong></span> <span class='ocrx_word' id='word_1_178' title='bbox 490 1238 616 1271; x_wconf 87' lang='lat' dir='ltr'><strong>partibus</strong></span> <span class='ocrx_word' id='word_1_179' title='bbox 629 1239 696 1271; x_wconf 82' lang='lat' dir='ltr'><strong>ipsis</strong></span> <span class='ocrx_word' id='word_1_180' title='bbox 708 1239 841 1263; x_wconf 85' lang='lat' dir='ltr'><strong>hincinde</strong></span> <span class='ocrx_word' id='word_1_181' title='bbox 851 1239 1004 1271; x_wconf 85' lang='lat' dir='ltr'><strong>approbata</strong></span> <span class='ocrx_word' id='word_1_182' title='bbox 1015 1239 1129 1263; x_wconf 87' lang='lat' dir='ltr'><strong>laudata</strong></span> 
     </span>
     <span class='ocr_line' id='line_1_25' title="bbox 204 1283 1129 1315; baseline 0.003 -11"><span class='ocrx_word' id='word_1_183' title='bbox 204 1289 273 1305; x_wconf 71' lang='lat' dir='ltr'><strong>conc</strong></span> <span class='ocrx_word' id='word_1_184' title='bbox 289 1289 338 1306; x_wconf 87' lang='lat' dir='ltr'><strong>usa</strong></span> <span class='ocrx_word' id='word_1_185' title='bbox 353 1284 498 1315; x_wconf 86' lang='lat' dir='ltr'><strong>acceptata</strong></span> <span class='ocrx_word' id='word_1_186' title='bbox 515 1283 720 1308; x_wconf 79' lang='lat' dir='ltr'><strong>etconcordata</strong></span> <span class='ocrx_word' id='word_1_187' title='bbox 729 1283 859 1308; x_wconf 80' lang='lat' dir='ltr'><strong>fecerunt</strong></span> <span class='ocrx_word' id='word_1_188' title='bbox 872 1291 902 1307; x_wconf 89' lang='lat' dir='ltr'><strong>ac</strong></span> <span class='ocrx_word' id='word_1_189' title='bbox 913 1283 1063 1307; x_wconf 88' lang='lat' dir='ltr'><strong>ediderunt</strong></span> <span class='ocrx_word' id='word_1_190' title='bbox 1079 1291 1129 1307; x_wconf 90' lang='lat' dir='ltr'><strong>no-</strong></span> 
     </span>
     <span class='ocr_line' id='line_1_26' title="bbox 201 1325 1127 1360; baseline 0.004 -13"><span class='ocrx_word' id='word_1_191' title='bbox 201 1325 296 1357; x_wconf 85' lang='lat' dir='ltr'><strong>bisque</strong></span> <span class='ocrx_word' id='word_1_192' title='bbox 316 1326 462 1351; x_wconf 84' lang='lat' dir='ltr'><strong>humiliter</strong></span> <span class='ocrx_word' id='word_1_193' title='bbox 485 1327 639 1360; x_wconf 85' lang='lat' dir='ltr'><strong>supplicari</strong></span> <span class='ocrx_word' id='word_1_194' title='bbox 657 1328 802 1359; x_wconf 83' lang='lat' dir='ltr'><strong>fecerunt,</strong></span> <span class='ocrx_word' id='word_1_195' title='bbox 818 1330 850 1352; x_wconf 92' lang='lat' dir='ltr'><strong>ut</strong></span> <span class='ocrx_word' id='word_1_196' title='bbox 869 1328 923 1352; x_wconf 90' lang='lat' dir='ltr'><strong>illis</strong></span> <span class='ocrx_word' id='word_1_197' title='bbox 940 1336 990 1360; x_wconf 87' lang='lat' dir='ltr'><strong>pro</strong></span> <span class='ocrx_word' id='word_1_198' title='bbox 1009 1326 1127 1351; x_wconf 84' lang='lat' dir='ltr'><strong>firmiori</strong></span> 
     </span>
     <span class='ocr_line' id='line_1_27' title="bbox 203 1371 1128 1404; baseline 0.004 -13"><span class='ocrx_word' id='word_1_199' title='bbox 203 1377 300 1394; x_wconf 78' lang='lat' dir='ltr'><strong>corum</strong></span> <span class='ocrx_word' id='word_1_200' title='bbox 326 1371 509 1395; x_wconf 72' lang='lat' dir='ltr'><strong>subsistentia</strong></span> <span class='ocrx_word' id='word_1_201' title='bbox 536 1372 624 1395; x_wconf 88' lang='lat' dir='ltr'><strong>robur</strong></span> <span class='ocrx_word' id='word_1_202' title='bbox 648 1372 801 1404; x_wconf 82' lang='lat' dir='ltr'><strong>apostolice</strong></span> <span class='ocrx_word' id='word_1_203' title='bbox 819 1371 1041 1396; x_wconf 85' lang='lat' dir='ltr'><strong>confirmationis</strong></span> <span class='ocrx_word' id='word_1_204' title='bbox 1058 1371 1128 1402; x_wconf 83' lang='lat' dir='ltr'><strong>adji-</strong></span> 
     </span>
     <span class='ocr_line' id='line_1_28' title="bbox 202 1414 1129 1447; baseline 0.003 -11"><span class='ocrx_word' id='word_1_205' title='bbox 202 1421 280 1443; x_wconf 69' lang='lat' dir='ltr'><strong>cere,</strong></span> <span class='ocrx_word' id='word_1_206' title='bbox 300 1422 353 1438; x_wconf 83' lang='lat' dir='ltr'><strong>nec</strong></span> <span class='ocrx_word' id='word_1_207' title='bbox 377 1423 435 1439; x_wconf 89' lang='lat' dir='ltr'><strong>nou</strong></span> <span class='ocrx_word' id='word_1_208' title='bbox 461 1415 661 1439; x_wconf 88' lang='lat' dir='ltr'><strong>auctoritatem</strong></span> <span class='ocrx_word' id='word_1_209' title='bbox 679 1414 821 1447; x_wconf 87' lang='lat' dir='ltr'><strong>potiorem</strong></span> <span class='ocrx_word' id='word_1_210' title='bbox 837 1418 865 1439; x_wconf 90' lang='lat' dir='ltr'><strong>et</strong></span> <span class='ocrx_word' id='word_1_211' title='bbox 878 1415 1024 1439; x_wconf 86' lang='lat' dir='ltr'><strong>decretum</strong></span> <span class='ocrx_word' id='word_1_212' title='bbox 1041 1414 1129 1439; x_wconf 86' lang='lat' dir='ltr'><strong>inter-</strong></span> 
     </span>
     <span class='ocr_line' id='line_1_29' title="bbox 203 1458 1128 1491; baseline 0.002 -10"><span class='ocrx_word' id='word_1_213' title='bbox 203 1466 307 1489; x_wconf 82' lang='lat' dir='ltr'><strong>ponere</strong></span> <span class='ocrx_word' id='word_1_214' title='bbox 326 1458 517 1491; x_wconf 69' lang='lat' dir='ltr'><strong>dignaremur.</strong></span> <span class='ocrx_word' id='word_1_215' title='bbox 540 1458 598 1483; x_wconf 78' lang='lat' dir='ltr'><strong>Nos</strong></span> <span class='ocrx_word' id='word_1_216' title='bbox 622 1459 716 1491; x_wconf 80' lang='lat' dir='ltr'><strong>itaque</strong></span> <span class='ocrx_word' id='word_1_217' title='bbox 739 1460 785 1491; x_wconf 93' lang='lat' dir='ltr'><strong>qui</strong></span> <span class='ocrx_word' id='word_1_218' title='bbox 809 1462 915 1484; x_wconf 90' lang='lat' dir='ltr'><strong>statuta</strong></span> <span class='ocrx_word' id='word_1_219' title='bbox 938 1459 1128 1484; x_wconf 71' lang='lat' dir='ltr'><strong>ordinationes</strong></span> 
     </span>
     <span class='ocr_line' id='line_1_30' title="bbox 202 1502 1128 1536; baseline 0.003 -12"><span class='ocrx_word' id='word_1_220' title='bbox 202 1505 229 1525; x_wconf 81' lang='lat' dir='ltr'><strong>et</strong></span> <span class='ocrx_word' id='word_1_221' title='bbox 254 1502 424 1526; x_wconf 72' lang='lat' dir='ltr'><strong>concordata</strong></span> <span class='ocrx_word' id='word_1_222' title='bbox 447 1503 574 1535; x_wconf 86' lang='lat' dir='ltr'><strong>predicta</strong></span> <span class='ocrx_word' id='word_1_223' title='bbox 604 1511 655 1536; x_wconf 86' lang='lat' dir='ltr'><strong>per</strong></span> <span class='ocrx_word' id='word_1_224' title='bbox 678 1504 834 1528; x_wconf 86' lang='lat' dir='ltr'><strong>nonnullos</strong></span> <span class='ocrx_word' id='word_1_225' title='bbox 860 1511 891 1528; x_wconf 84' lang='lat' dir='ltr'><strong>cx</strong></span> <span class='ocrx_word' id='word_1_226' title='bbox 917 1503 1128 1528; x_wconf 83' lang='lat' dir='ltr'><strong>venerabilibus</strong></span> 
     </span>
     <span class='ocr_line' id='line_1_31' title="bbox 203 1546 1129 1572; baseline 0.003 -3"><span class='ocrx_word' id='word_1_227' title='bbox 203 1546 336 1571; x_wconf 80' lang='lat' dir='ltr'><strong>tratribus</strong></span> <span class='ocrx_word' id='word_1_228' title='bbox 368 1547 472 1571; x_wconf 84' lang='lat' dir='ltr'><strong>nostris</strong></span> <span class='ocrx_word' id='word_1_229' title='bbox 508 1550 606 1571; x_wconf 87' lang='lat' dir='ltr'><strong>sancte</strong></span> <span class='ocrx_word' id='word_1_230' title='bbox 635 1547 763 1572; x_wconf 83' lang='lat' dir='ltr'><strong>Romane</strong></span> <span class='ocrx_word' id='word_1_231' title='bbox 791 1548 909 1572; x_wconf 83' lang='lat' dir='ltr'><strong>ecclesie</strong></span> <span class='ocrx_word' id='word_1_232' title='bbox 939 1547 1129 1572; x_wconf 75' lang='lat' dir='ltr'><strong>cardinalibus</strong></span> 
     </span>
     <span class='ocr_line' id='line_1_32' title="bbox 203 1592 1127 1622; baseline 0.003 -9"><span class='ocrx_word' id='word_1_233' title='bbox 203 1598 370 1622; x_wconf 78' lang='lat' dir='ltr'><strong>magnarum</strong></span> <span class='ocrx_word' id='word_1_234' title='bbox 395 1592 593 1616; x_wconf 85' lang='lat' dir='ltr'><strong>maturitatum</strong></span> <span class='ocrx_word' id='word_1_235' title='bbox 621 1592 791 1617; x_wconf 83' lang='lat' dir='ltr'><strong>auctoritate</strong></span> <span class='ocrx_word' id='word_1_236' title='bbox 816 1595 844 1617; x_wconf 87' lang='lat' dir='ltr'><strong>et</strong></span> <span class='ocrx_word' id='word_1_237' title='bbox 865 1592 1027 1617; x_wconf 81' lang='lat' dir='ltr'><strong>litterature</strong></span> <span class='ocrx_word' id='word_1_238' title='bbox 1052 1593 1127 1617; x_wconf 66' lang='lat' dir='ltr'><strong>viros</strong></span> 
     </span>
     <span class='ocr_line' id='line_1_33' title="bbox 203 1634 1130 1671; baseline 0.004 -14"><span class='ocrx_word' id='word_1_239' title='bbox 203 1634 353 1666; x_wconf 75' lang='lat' dir='ltr'><strong>diligenter</strong></span> <span class='ocrx_word' id='word_1_240' title='bbox 371 1636 522 1659; x_wconf 69' lang='lat' dir='ltr'><strong>examinari</strong></span> <span class='ocrx_word' id='word_1_241' title='bbox 542 1639 570 1660; x_wconf 88' lang='lat' dir='ltr'><strong>et</strong></span> <span class='ocrx_word' id='word_1_242' title='bbox 587 1636 688 1661; x_wconf 76' lang='lat' dir='ltr'><strong>discuti</strong></span> <span class='ocrx_word' id='word_1_243' title='bbox 712 1637 830 1660; x_wconf 77' lang='lat' dir='ltr'><strong>fecimus</strong></span> <span class='ocrx_word' id='word_1_244' title='bbox 844 1644 934 1671; x_wconf 86' lang='lat' dir='ltr'><strong>eaque</strong></span> <span class='ocrx_word' id='word_1_245' title='bbox 948 1637 1130 1661; x_wconf 81' lang='lat' dir='ltr'><strong>rationabilia</strong></span> 
     </span>
     <span class='ocr_line' id='line_1_34' title="bbox 205 1679 1130 1714; baseline 0.004 -13"><span class='ocrx_word' id='word_1_246' title='bbox 205 1681 232 1701; x_wconf 82' lang='lat' dir='ltr'><strong>et</strong></span> <span class='ocrx_word' id='word_1_247' title='bbox 251 1679 374 1703; x_wconf 84' lang='lat' dir='ltr'><strong>salubria</strong></span> <span class='ocrx_word' id='word_1_248' title='bbox 393 1682 449 1704; x_wconf 88' lang='lat' dir='ltr'><strong>tam</strong></span> <span class='ocrx_word' id='word_1_249' title='bbox 474 1679 594 1704; x_wconf 82' lang='lat' dir='ltr'><strong>ecclesie</strong></span> <span class='ocrx_word' id='word_1_250' title='bbox 617 1688 698 1712; x_wconf 90' lang='lat' dir='ltr'><strong>quam</strong></span> <span class='ocrx_word' id='word_1_251' title='bbox 719 1681 827 1705; x_wconf 86' lang='lat' dir='ltr'><strong>nationi</strong></span> <span class='ocrx_word' id='word_1_252' title='bbox 844 1680 961 1714; x_wconf 87' lang='lat' dir='ltr'><strong>prefatis</strong></span> <span class='ocrx_word' id='word_1_253' title='bbox 976 1680 1036 1706; x_wconf 79' lang='lat' dir='ltr'><strong>fore</strong></span> <span class='ocrx_word' id='word_1_254' title='bbox 1054 1689 1130 1705; x_wconf 87' lang='lat' dir='ltr'><strong>com—</strong></span> 
     </span>
     <span class='ocr_line' id='line_1_35' title="bbox 203 1724 1129 1754; baseline 0.004 -8"><span class='ocrx_word' id='word_1_255' title='bbox 203 1724 342 1754; x_wconf 78' lang='lat' dir='ltr'><strong>perimus,</strong></span> <span class='ocrx_word' id='word_1_256' title='bbox 367 1724 399 1748; x_wconf 88' lang='lat' dir='ltr'><strong>de</strong></span> <span class='ocrx_word' id='word_1_257' title='bbox 421 1724 561 1748; x_wconf 88' lang='lat' dir='ltr'><strong>dictorum</strong></span> <span class='ocrx_word' id='word_1_258' title='bbox 585 1727 613 1749; x_wconf 88' lang='lat' dir='ltr'><strong>et</strong></span> <span class='ocrx_word' id='word_1_259' title='bbox 641 1725 760 1749; x_wconf 89' lang='lat' dir='ltr'><strong>aliorum</strong></span> <span class='ocrx_word' id='word_1_260' title='bbox 780 1725 985 1750; x_wconf 84' lang='lat' dir='ltr'><strong>venerabilium</strong></span> <span class='ocrx_word' id='word_1_261' title='bbox 1007 1725 1129 1750; x_wconf 77' lang='lat' dir='ltr'><strong>fratrum</strong></span> 
     </span>
     <span class='ocr_line' id='line_1_36' title="bbox 202 1767 1129 1800; baseline 0.005 -11"><span class='ocrx_word' id='word_1_262' title='bbox 202 1769 366 1791; x_wconf 82' lang='lat' dir='ltr'><strong>nostrorum</strong></span> <span class='ocrx_word' id='word_1_263' title='bbox 390 1768 516 1800; x_wconf 80' lang='lat' dir='ltr'><strong>predicte</strong></span> <span class='ocrx_word' id='word_1_264' title='bbox 540 1769 659 1793; x_wconf 78' lang='lat' dir='ltr'><strong>ecclesie</strong></span> <span class='ocrx_word' id='word_1_265' title='bbox 684 1769 868 1793; x_wconf 77' lang='lat' dir='ltr'><strong>cardinalium</strong></span> <span class='ocrx_word' id='word_1_266' title='bbox 891 1767 1011 1794; x_wconf 81' lang='lat' dir='ltr'><strong>consilio</strong></span> <span class='ocrx_word' id='word_1_267' title='bbox 1034 1772 1062 1794; x_wconf 86' lang='lat' dir='ltr'><strong>et</strong></span> <span class='ocrx_word' id='word_1_268' title='bbox 1086 1777 1129 1794; x_wconf 77' lang='lat' dir='ltr'><strong>as-</strong></span> 
     </span>
     <span class='ocr_line' id='line_1_37' title="bbox 203 1812 1130 1846; baseline 0.004 -12"><span class='ocrx_word' id='word_1_269' title='bbox 203 1818 289 1835; x_wconf 73' lang='lat' dir='ltr'><strong>sensu</strong></span> <span class='ocrx_word' id='word_1_270' title='bbox 304 1812 459 1843; x_wconf 86' lang='lat' dir='ltr'><strong>apostolica</strong></span> <span class='ocrx_word' id='word_1_271' title='bbox 477 1813 646 1837; x_wconf 85' lang='lat' dir='ltr'><strong>auctoritate</strong></span> <span class='ocrx_word' id='word_1_272' title='bbox 664 1816 692 1837; x_wconf 86' lang='lat' dir='ltr'><strong>et</strong></span> <span class='ocrx_word' id='word_1_273' title='bbox 709 1820 740 1837; x_wconf 85' lang='lat' dir='ltr'><strong>ex</strong></span> <span class='ocrx_word' id='word_1_274' title='bbox 760 1817 837 1838; x_wconf 88' lang='lat' dir='ltr'><strong>certa</strong></span> <span class='ocrx_word' id='word_1_275' title='bbox 854 1813 972 1838; x_wconf 84' lang='lat' dir='ltr'><strong>scientia</strong></span> <span class='ocrx_word' id='word_1_276' title='bbox 992 1813 1130 1846; x_wconf 80' lang='lat' dir='ltr'><strong>approba-</strong></span> 
     </span>
     <span class='ocr_line' id='line_1_38' title="bbox 204 1855 1129 1891; baseline 0.005 -14"><span class='ocrx_word' id='word_1_277' title='bbox 204 1862 265 1878; x_wconf 89' lang='lat' dir='ltr'><strong>mus</strong></span> <span class='ocrx_word' id='word_1_278' title='bbox 291 1855 461 1880; x_wconf 82' lang='lat' dir='ltr'><strong>ratificamus</strong></span> <span class='ocrx_word' id='word_1_279' title='bbox 494 1857 638 1881; x_wconf 83' lang='lat' dir='ltr'><strong>laudamus</strong></span> <span class='ocrx_word' id='word_1_280' title='bbox 670 1865 702 1882; x_wconf 84' lang='lat' dir='ltr'><strong>ac</strong></span> <span class='ocrx_word' id='word_1_281' title='bbox 731 1860 914 1890; x_wconf 84' lang='lat' dir='ltr'><strong>acceptamus</strong></span> <span class='ocrx_word' id='word_1_282' title='bbox 940 1861 968 1883; x_wconf 90' lang='lat' dir='ltr'><strong>et</strong></span> <span class='ocrx_word' id='word_1_283' title='bbox 986 1858 1129 1891; x_wconf 84' lang='lat' dir='ltr'><strong>presentis</strong></span> 
     </span>
     <span class='ocr_line' id='line_1_39' title="bbox 203 1899 1128 1931; baseline 0.004 -9"><span class='ocrx_word' id='word_1_284' title='bbox 203 1899 302 1930; x_wconf 75' lang='lat' dir='ltr'><strong>scripti</strong></span> <span class='ocrx_word' id='word_1_285' title='bbox 320 1900 478 1931; x_wconf 81' lang='lat' dir='ltr'><strong>patrocinio</strong></span> <span class='ocrx_word' id='word_1_286' title='bbox 498 1902 702 1926; x_wconf 88' lang='lat' dir='ltr'><strong>communimus</strong></span> <span class='ocrx_word' id='word_1_287' title='bbox 728 1902 805 1926; x_wconf 81' lang='lat' dir='ltr'><strong>iuxta</strong></span> <span class='ocrx_word' id='word_1_288' title='bbox 825 1902 939 1927; x_wconf 85' lang='lat' dir='ltr'><strong>modum</strong></span> <span class='ocrx_word' id='word_1_289' title='bbox 964 1910 995 1927; x_wconf 88' lang='lat' dir='ltr'><strong>ac</strong></span> <span class='ocrx_word' id='word_1_290' title='bbox 1020 1903 1128 1927; x_wconf 76' lang='lat' dir='ltr'><strong>formas</strong></span> 
     </span>
     <span class='ocr_line' id='line_1_40' title="bbox 202 1943 1130 1978; baseline 0.005 -13"><span class='ocrx_word' id='word_1_291' title='bbox 202 1943 417 1974; x_wconf 83' lang='lat' dir='ltr'><strong>subsequentes.</strong></span> <span class='ocrx_word' id='word_1_292' title='bbox 448 1945 544 1969; x_wconf 77' lang='lat' dir='ltr'><strong>Placet</strong></span> <span class='ocrx_word' id='word_1_293' title='bbox 571 1946 652 1970; x_wconf 82' lang='lat' dir='ltr'><strong>nobis</strong></span> <span class='ocrx_word' id='word_1_294' title='bbox 675 1954 760 1978; x_wconf 87' lang='lat' dir='ltr'><strong>super</strong></span> <span class='ocrx_word' id='word_1_295' title='bbox 784 1946 976 1978; x_wconf 81' lang='lat' dir='ltr'><strong>provisionum</strong></span> <span class='ocrx_word' id='word_1_296' title='bbox 997 1946 1130 1971; x_wconf 86' lang='lat' dir='ltr'><strong>ecclesia-</strong></span> 
     </span>
     <span class='ocr_line' id='line_1_41' title="bbox 204 1987 1129 2023; baseline 0.004 -13"><span class='ocrx_word' id='word_1_297' title='bbox 204 1994 264 2010; x_wconf 82' lang='lat' dir='ltr'><strong>rum</strong></span> <span class='ocrx_word' id='word_1_298' title='bbox 280 1990 307 2011; x_wconf 87' lang='lat' dir='ltr'><strong>et</strong></span> <span class='ocrx_word' id='word_1_299' title='bbox 325 1987 528 2013; x_wconf 81' lang='lat' dir='ltr'><strong>beneficiorum</strong></span> <span class='ocrx_word' id='word_1_300' title='bbox 544 1990 800 2014; x_wconf 88' lang='lat' dir='ltr'><strong>ecclesiastieorum</strong></span> <span class='ocrx_word' id='word_1_301' title='bbox 815 1997 1047 2022; x_wconf 88' lang='lat' dir='ltr'><strong>quorumcunque</strong></span> <span class='ocrx_word' id='word_1_302' title='bbox 1064 1998 1129 2023; x_wconf 87' lang='lat' dir='ltr'><strong>pro-</strong></span> 
     </span>
     <span class='ocr_line' id='line_1_42' title="bbox 205 2030 1128 2066; baseline 0.005 -13"><span class='ocrx_word' id='word_1_303' title='bbox 205 2030 358 2055; x_wconf 63' lang='lat' dir='ltr'><strong>xisionibus</strong></span> <span class='ocrx_word' id='word_1_304' title='bbox 383 2032 421 2056; x_wconf 87' lang='lat' dir='ltr'><strong>uti</strong></span> <span class='ocrx_word' id='word_1_305' title='bbox 441 2033 507 2057; x_wconf 88' lang='lat' dir='ltr'><strong>iuris</strong></span> <span class='ocrx_word' id='word_1_306' title='bbox 532 2033 629 2066; x_wconf 89' lang='lat' dir='ltr'><strong>scripti</strong></span> <span class='ocrx_word' id='word_1_307' title='bbox 648 2034 889 2058; x_wconf 72' lang='lat' dir='ltr'><strong>reservationibus</strong></span> <span class='ocrx_word' id='word_1_308' title='bbox 914 2036 942 2059; x_wconf 91' lang='lat' dir='ltr'><strong>et</strong></span> <span class='ocrx_word' id='word_1_309' title='bbox 964 2035 1128 2059; x_wconf 86' lang='lat' dir='ltr'><strong>execrabilis</strong></span> 
     </span>
     <span class='ocr_line' id='line_1_43' title="bbox 205 2075 1129 2110; baseline 0.005 -12"><span class='ocrx_word' id='word_1_310' title='bbox 205 2079 233 2098; x_wconf 92' lang='lat' dir='ltr'><strong>et</strong></span> <span class='ocrx_word' id='word_1_311' title='bbox 252 2075 282 2099; x_wconf 87' lang='lat' dir='ltr'><strong>ad</strong></span> <span class='ocrx_word' id='word_1_312' title='bbox 298 2077 425 2108; x_wconf 76' lang='lat' dir='ltr'><strong>regimen</strong></span> <span class='ocrx_word' id='word_1_313' title='bbox 442 2078 694 2102; x_wconf 67' lang='lat' dir='ltr'><strong>constitutionibus</strong></span> <span class='ocrx_word' id='word_1_314' title='bbox 711 2078 879 2102; x_wconf 87' lang='lat' dir='ltr'><strong>modificatis</strong></span> <span class='ocrx_word' id='word_1_315' title='bbox 901 2081 933 2102; x_wconf 90' lang='lat' dir='ltr'><strong>ut</strong></span> <span class='ocrx_word' id='word_1_316' title='bbox 950 2079 1077 2110; x_wconf 88' lang='lat' dir='ltr'><strong>sequitur</strong></span> <span class='ocrx_word' id='word_1_317' title='bbox 1095 2079 1129 2103; x_wconf 88' lang='lat' dir='ltr'><strong>ad</strong></span> 
     </span>
     <span class='ocr_line' id='line_1_44' title="bbox 204 2119 1129 2155; baseline 0.006 -14"><span class='ocrx_word' id='word_1_318' title='bbox 204 2119 332 2151; x_wconf 81' lang='lat' dir='ltr'><strong>regimen</strong></span> <span class='ocrx_word' id='word_1_319' title='bbox 356 2121 473 2145; x_wconf 75' lang='lat' dir='ltr'><strong>ecclesie</strong></span> <span class='ocrx_word' id='word_1_320' title='bbox 497 2122 639 2154; x_wconf 82' lang='lat' dir='ltr'><strong>generalis</strong></span> <span class='ocrx_word' id='word_1_321' title='bbox 665 2129 832 2154; x_wconf 84' lang='lat' dir='ltr'><strong>quamquam</strong></span> <span class='ocrx_word' id='word_1_322' title='bbox 857 2122 987 2147; x_wconf 88' lang='lat' dir='ltr'><strong>immeriti</strong></span> <span class='ocrx_word' id='word_1_323' title='bbox 1006 2131 1129 2155; x_wconf 85' lang='lat' dir='ltr'><strong>superna</strong></span> 
     </span>
     <span class='ocr_line' id='line_1_45' title="bbox 204 2162 1129 2199; baseline 0.008 -14"><span class='ocrx_word' id='word_1_324' title='bbox 204 2162 388 2194; x_wconf 81' lang='lat' dir='ltr'><strong>dispositione</strong></span> <span class='ocrx_word' id='word_1_325' title='bbox 411 2165 503 2189; x_wconf 79' lang='lat' dir='ltr'><strong>vocati</strong></span> <span class='ocrx_word' id='word_1_326' title='bbox 523 2166 648 2199; x_wconf 77' lang='lat' dir='ltr'><strong>gerimus</strong></span> <span class='ocrx_word' id='word_1_327' title='bbox 664 2166 693 2190; x_wconf 86' lang='lat' dir='ltr'><strong>in</strong></span> <span class='ocrx_word' id='word_1_328' title='bbox 708 2167 813 2191; x_wconf 85' lang='lat' dir='ltr'><strong>nostris</strong></span> <span class='ocrx_word' id='word_1_329' title='bbox 833 2166 978 2192; x_wconf 83' lang='lat' dir='ltr'><strong>desideriis</strong></span> <span class='ocrx_word' id='word_1_330' title='bbox 997 2172 1027 2192; x_wconf 87' lang='lat' dir='ltr'><strong>ut</strong></span> <span class='ocrx_word' id='word_1_331' title='bbox 1045 2167 1129 2192; x_wconf 90' lang='lat' dir='ltr'><strong>debe-</strong></span> 
     </span>
     <span class='ocr_line' id='line_1_46' title="bbox 208 2208 1131 2244; baseline 0.009 -15"><span class='ocrx_word' id='word_1_332' title='bbox 208 2213 278 2236; x_wconf 77' lang='lat' dir='ltr'><strong>mus,</strong></span> <span class='ocrx_word' id='word_1_333' title='bbox 295 2208 367 2238; x_wconf 85' lang='lat' dir='ltr'><strong>quod</strong></span> <span class='ocrx_word' id='word_1_334' title='bbox 390 2217 442 2241; x_wconf 89' lang='lat' dir='ltr'><strong>per</strong></span> <span class='ocrx_word' id='word_1_335' title='bbox 465 2212 564 2234; x_wconf 82' lang='lat' dir='ltr'><strong>nostre</strong></span> <span class='ocrx_word' id='word_1_336' title='bbox 585 2210 730 2244; x_wconf 75' lang='lat' dir='ltr'><strong>diligentie</strong></span> <span class='ocrx_word' id='word_1_337' title='bbox 749 2211 872 2236; x_wconf 89' lang='lat' dir='ltr'><strong>studium</strong></span> <span class='ocrx_word' id='word_1_338' title='bbox 892 2211 926 2236; x_wconf 89' lang='lat' dir='ltr'><strong>ad</strong></span> <span class='ocrx_word' id='word_1_339' title='bbox 941 2212 1131 2243; x_wconf 88' lang='lat' dir='ltr'><strong>quarumlibet</strong></span> 
     </span>
     <span class='ocr_line' id='line_1_47' title="bbox 206 2248 1129 2289; baseline 0.01 -17"><span class='ocrx_word' id='word_1_340' title='bbox 206 2250 388 2276; x_wconf 76' lang='lat' dir='ltr'><strong>ecclesiarum</strong></span> <span class='ocrx_word' id='word_1_341' title='bbox 413 2255 440 2276; x_wconf 83' lang='lat' dir='ltr'><strong>et</strong></span> <span class='ocrx_word' id='word_1_342' title='bbox 460 2254 698 2279; x_wconf 83' lang='lat' dir='ltr'><strong>monasteriorum</strong></span> <span class='ocrx_word' id='word_1_343' title='bbox 715 2255 856 2289; x_wconf 77' lang='lat' dir='ltr'><strong>regimina</strong></span> <span class='ocrx_word' id='word_1_344' title='bbox 872 2248 903 2280; x_wconf 81' lang='lat' dir='ltr'><strong>ae</strong></span> <span class='ocrx_word' id='word_1_345' title='bbox 923 2256 976 2280; x_wconf 89' lang='lat' dir='ltr'><strong>alia</strong></span> <span class='ocrx_word' id='word_1_346' title='bbox 990 2256 1129 2281; x_wconf 85' lang='lat' dir='ltr'><strong>beneficia</strong></span> 
     </span>
     <span class='ocr_line' id='line_1_48' title="bbox 204 2294 1129 2334; baseline 0.011 -19"><span class='ocrx_word' id='word_1_347' title='bbox 204 2294 393 2334; x_wconf 70' lang='lat' dir='ltr'><strong>ecclesiastica</strong></span> <span class='ocrx_word' id='word_1_348' title='bbox 410 2297 484 2321; x_wconf 62' lang='lat' dir='ltr'><strong>iuxta</strong></span> <span class='ocrx_word' id='word_1_349' title='bbox 503 2298 629 2322; x_wconf 80' lang='lat' dir='ltr'><strong>divinum</strong></span> <span class='ocrx_word' id='word_1_350' title='bbox 644 2299 857 2331; x_wconf 87' lang='lat' dir='ltr'><strong>beneplacitum</strong></span> <span class='ocrx_word' id='word_1_351' title='bbox 873 2301 901 2324; x_wconf 90' lang='lat' dir='ltr'><strong>et</strong></span> <span class='ocrx_word' id='word_1_352' title='bbox 918 2303 1016 2325; x_wconf 87' lang='lat' dir='ltr'><strong>nostre</strong></span> <span class='ocrx_word' id='word_1_353' title='bbox 1035 2301 1129 2326; x_wconf 90' lang='lat' dir='ltr'><strong>inten-</strong></span> 
     </span>
     <span class='ocr_line' id='line_1_49' title="bbox 206 2337 1130 2378; baseline 0.011 -19"><span class='ocrx_word' id='word_1_354' title='bbox 206 2337 289 2360; x_wconf 86' lang='lat' dir='ltr'><strong>tionis</strong></span> <span class='ocrx_word' id='word_1_355' title='bbox 307 2338 441 2364; x_wconf 78' lang='lat' dir='ltr'><strong>atl&#39;cctum</strong></span> <span class='ocrx_word' id='word_1_356' title='bbox 464 2342 513 2365; x_wconf 77' lang='lat' dir='ltr'><strong>viri</strong></span> <span class='ocrx_word' id='word_1_357' title='bbox 531 2346 713 2367; x_wconf 81' lang='lat' dir='ltr'><strong>assumantur</strong></span> <span class='ocrx_word' id='word_1_358' title='bbox 726 2343 828 2376; x_wconf 78' lang='lat' dir='ltr'><strong>ydonei</strong></span> <span class='ocrx_word' id='word_1_359' title='bbox 844 2344 889 2376; x_wconf 91' lang='lat' dir='ltr'><strong>qui</strong></span> <span class='ocrx_word' id='word_1_360' title='bbox 904 2345 1012 2377; x_wconf 82' lang='lat' dir='ltr'><strong>prosint</strong></span> <span class='ocrx_word' id='word_1_361' title='bbox 1022 2353 1054 2369; x_wconf 87' lang='lat' dir='ltr'><strong>ac</strong></span> <span class='ocrx_word' id='word_1_362' title='bbox 1065 2353 1130 2378; x_wconf 85' lang='lat' dir='ltr'><strong>pro-</strong></span> 
     </span>
     <span class='ocr_line' id='line_1_50' title="bbox 206 2381 1129 2414; baseline 0.012 -11"><span class='ocrx_word' id='word_1_363' title='bbox 206 2381 263 2404; x_wconf 88' lang='lat' dir='ltr'><strong>sint</strong></span> <span class='ocrx_word' id='word_1_364' title='bbox 284 2384 492 2409; x_wconf 82' lang='lat' dir='ltr'><strong>committendis</strong></span> <span class='ocrx_word' id='word_1_365' title='bbox 514 2386 552 2410; x_wconf 86' lang='lat' dir='ltr'><strong>eis</strong></span> <span class='ocrx_word' id='word_1_366' title='bbox 578 2387 703 2411; x_wconf 85' lang='lat' dir='ltr'><strong>ecelesiis</strong></span> <span class='ocrx_word' id='word_1_367' title='bbox 727 2388 907 2413; x_wconf 88' lang='lat' dir='ltr'><strong>monasteriis</strong></span> <span class='ocrx_word' id='word_1_368' title='bbox 931 2391 959 2413; x_wconf 86' lang='lat' dir='ltr'><strong>et</strong></span> <span class='ocrx_word' id='word_1_369' title='bbox 984 2389 1129 2414; x_wconf 85' lang='lat' dir='ltr'><strong>beneficiis</strong></span> 
     </span>
     <span class='ocr_line' id='line_1_51' title="bbox 206 2425 1131 2462; baseline 0.012 -15"><span class='ocrx_word' id='word_1_370' title='bbox 206 2425 673 2462; x_wconf 80' lang='lat' dir='ltr'><strong>prelibatis,premissorumitaque</strong></span> <span class='ocrx_word' id='word_1_371' title='bbox 683 2431 908 2457; x_wconf 85' lang='lat' dir='ltr'><strong>consideratione</strong></span> <span class='ocrx_word' id='word_1_372' title='bbox 918 2432 1024 2457; x_wconf 90' lang='lat' dir='ltr'><strong>inducti</strong></span> <span class='ocrx_word' id='word_1_373' title='bbox 1034 2436 1131 2458; x_wconf 87' lang='lat' dir='ltr'><strong>etsua-</strong></span> 
     </span>
     <span class='ocr_line' id='line_1_52' title="bbox 205 2468 1129 2511; baseline 0.013 -20"><span class='ocrx_word' id='word_1_374' title='bbox 205 2468 336 2493; x_wconf 81' lang='lat' dir='ltr'><strong>dentibus</strong></span> <span class='ocrx_word' id='word_1_375' title='bbox 354 2471 432 2494; x_wconf 81' lang='lat' dir='ltr'><strong>nobis</strong></span> <span class='ocrx_word' id='word_1_376' title='bbox 446 2472 506 2496; x_wconf 79' lang='lat' dir='ltr'><strong>aliis</strong></span> <span class='ocrx_word' id='word_1_377' title='bbox 516 2474 701 2499; x_wconf 79' lang='lat' dir='ltr'><strong>rationalibus</strong></span> <span class='ocrx_word' id='word_1_378' title='bbox 711 2475 802 2500; x_wconf 85' lang='lat' dir='ltr'><strong>causis</strong></span> <span class='ocrx_word' id='word_1_379' title='bbox 813 2477 1017 2502; x_wconf 89' lang='lat' dir='ltr'><strong>nonnullorum</strong></span> <span class='ocrx_word' id='word_1_380' title='bbox 1030 2477 1129 2511; x_wconf 92' lang='lat' dir='ltr'><strong>prede-</strong></span> 
     </span>
     <span class='ocr_line' id='line_1_53' title="bbox 205 2517 1131 2556; baseline 0.013 -21"><span class='ocrx_word' id='word_1_381' title='bbox 205 2520 347 2537; x_wconf 69' lang='lat' dir='ltr'><strong>cessorum</strong></span> <span class='ocrx_word' id='word_1_382' title='bbox 361 2518 524 2540; x_wconf 79' lang='lat' dir='ltr'><strong>nostrorum</strong></span> <span class='ocrx_word' id='word_1_383' title='bbox 535 2517 726 2543; x_wconf 82' lang='lat' dir='ltr'><strong>Romanorum</strong></span> <span class='ocrx_word' id='word_1_384' title='bbox 738 2519 904 2552; x_wconf 74' lang='lat' dir='ltr'><strong>pontificum</strong></span> <span class='ocrx_word' id='word_1_385' title='bbox 915 2522 1041 2556; x_wconf 76' lang='lat' dir='ltr'><strong>vestigiis</strong></span> <span class='ocrx_word' id='word_1_386' title='bbox 1052 2523 1131 2547; x_wconf 87' lang='lat' dir='ltr'><strong>inhe-</strong></span> 
     </span>
     <span class='ocr_line' id='line_1_54' title="bbox 204 2561 1128 2599; baseline 0.012 -18"><span class='ocrx_word' id='word_1_387' title='bbox 204 2561 299 2583; x_wconf 78' lang='lat' dir='ltr'><strong>rentes</strong></span> <span class='ocrx_word' id='word_1_388' title='bbox 322 2567 420 2583; x_wconf 84' lang='lat' dir='ltr'><strong>omnes</strong></span> <span class='ocrx_word' id='word_1_389' title='bbox 448 2561 650 2591; x_wconf 80' lang='lat' dir='ltr'><strong>patriarchales</strong></span> <span class='ocrx_word' id='word_1_390' title='bbox 673 2564 929 2597; x_wconf 79' lang='lat' dir='ltr'><strong>archiepiscopales</strong></span> <span class='ocrx_word' id='word_1_391' title='bbox 952 2567 1128 2599; x_wconf 84' lang='lat' dir='ltr'><strong>episcopales</strong></span> 
     </span>
     <span class='ocr_line' id='line_1_55' title="bbox 204 2603 1127 2641; baseline 0.012 -16"><span class='ocrx_word' id='word_1_392' title='bbox 204 2603 338 2626; x_wconf 72' lang='lat' dir='ltr'><strong>ecclesias</strong></span> <span class='ocrx_word' id='word_1_393' title='bbox 363 2605 533 2629; x_wconf 82' lang='lat' dir='ltr'><strong>monasteria</strong></span> <span class='ocrx_word' id='word_1_394' title='bbox 559 2606 701 2637; x_wconf 74' lang='lat' dir='ltr'><strong>prioratus</strong></span> <span class='ocrx_word' id='word_1_395' title='bbox 728 2607 880 2641; x_wconf 69' lang='lat' dir='ltr'><strong>di5nitates</strong></span> <span class='ocrx_word' id='word_1_396' title='bbox 901 2613 1072 2641; x_wconf 81' lang='lat' dir='ltr'><strong>personatus</strong></span> <span class='ocrx_word' id='word_1_397' title='bbox 1100 2614 1127 2636; x_wconf 85' lang='lat' dir='ltr'><strong>et</strong></span> 
     </span>
    </p>
   </div>
   <div class='ocr_carea' id='block_1_7' title="bbox 1195 441 2128 2642">
    <p class='ocr_par' dir='ltr' id='par_1_7' title="bbox 1195 441 2128 2642">
     <span class='ocr_line' id='line_1_56' title="bbox 1198 441 2126 473; baseline 0.004 -8"><span class='ocrx_word' id='word_1_398' title='bbox 1198 441 1305 471; x_wconf 68' lang='lat' dir='ltr'><strong>officia,</strong></span> <span class='ocrx_word' id='word_1_399' title='bbox 1325 450 1377 467; x_wconf 88' lang='lat' dir='ltr'><strong>nec</strong></span> <span class='ocrx_word' id='word_1_400' title='bbox 1399 450 1455 467; x_wconf 91' lang='lat' dir='ltr'><strong>non</strong></span> <span class='ocrx_word' id='word_1_401' title='bbox 1470 442 1655 466; x_wconf 80' lang='lat' dir='ltr'><strong>canonicatus</strong></span> <span class='ocrx_word' id='word_1_402' title='bbox 1671 443 1699 465; x_wconf 84' lang='lat' dir='ltr'><strong>et</strong></span> <span class='ocrx_word' id='word_1_403' title='bbox 1713 441 1870 473; x_wconf 85' lang='lat' dir='ltr'><strong>prebendas</strong></span> <span class='ocrx_word' id='word_1_404' title='bbox 1885 446 1913 468; x_wconf 88' lang='lat' dir='ltr'><strong>et</strong></span> <span class='ocrx_word' id='word_1_405' title='bbox 1928 444 2064 469; x_wconf 80' lang='lat' dir='ltr'><strong>ecclesias</strong></span> <span class='ocrx_word' id='word_1_406' title='bbox 2080 452 2126 469; x_wconf 88' lang='lat' dir='ltr'><strong>ce-</strong></span> 
     </span>
     <span class='ocr_line' id='line_1_57' title="bbox 1198 485 2125 518; baseline 0.004 -8"><span class='ocrx_word' id='word_1_407' title='bbox 1198 489 1313 518; x_wconf 88' lang='lat' dir='ltr'><strong>teraque</strong></span> <span class='ocrx_word' id='word_1_408' title='bbox 1344 486 1481 511; x_wconf 81' lang='lat' dir='ltr'><strong>beneficia</strong></span> <span class='ocrx_word' id='word_1_409' title='bbox 1506 485 1699 510; x_wconf 73' lang='lat' dir='ltr'><strong>ecclesiastica</strong></span> <span class='ocrx_word' id='word_1_410' title='bbox 1725 494 1788 510; x_wconf 83' lang='lat' dir='ltr'><strong>cum</strong></span> <span class='ocrx_word' id='word_1_411' title='bbox 1810 495 1878 512; x_wconf 83' lang='lat' dir='ltr'><strong>cura</strong></span> <span class='ocrx_word' id='word_1_412' title='bbox 1904 488 1946 512; x_wconf 86' lang='lat' dir='ltr'><strong>vel</strong></span> <span class='ocrx_word' id='word_1_413' title='bbox 1973 488 2033 514; x_wconf 75' lang='lat' dir='ltr'><strong>sine</strong></span> <span class='ocrx_word' id='word_1_414' title='bbox 2057 497 2125 514; x_wconf 88' lang='lat' dir='ltr'><strong>cura</strong></span> 
     </span>
     <span class='ocr_line' id='line_1_58' title="bbox 1198 529 2127 565; baseline 0.005 -11"><span class='ocrx_word' id='word_1_415' title='bbox 1198 531 1337 555; x_wconf 83' lang='lat' dir='ltr'><strong>secularia</strong></span> <span class='ocrx_word' id='word_1_416' title='bbox 1353 531 1398 556; x_wconf 86' lang='lat' dir='ltr'><strong>vel</strong></span> <span class='ocrx_word' id='word_1_417' title='bbox 1413 531 1557 564; x_wconf 75' lang='lat' dir='ltr'><strong>regularia</strong></span> <span class='ocrx_word' id='word_1_418' title='bbox 1576 538 1744 563; x_wconf 84' lang='lat' dir='ltr'><strong>quecunque</strong></span> <span class='ocrx_word' id='word_1_419' title='bbox 1760 533 1788 555; x_wconf 85' lang='lat' dir='ltr'><strong>ct</strong></span> <span class='ocrx_word' id='word_1_420' title='bbox 1798 531 2007 565; x_wconf 82' lang='lat' dir='ltr'><strong>qualiacunque</strong></span> <span class='ocrx_word' id='word_1_421' title='bbox 2018 529 2127 559; x_wconf 62' lang='lat' dir='ltr'><strong>tuerint</strong></span> 
     </span>
     <span class='ocr_line' id='line_1_59' title="bbox 1198 574 2126 610; baseline 0.005 -12"><span class='ocrx_word' id='word_1_422' title='bbox 1198 574 1280 599; x_wconf 85' lang='lat' dir='ltr'><strong>etiam</strong></span> <span class='ocrx_word' id='word_1_423' title='bbox 1307 575 1329 598; x_wconf 88' lang='lat' dir='ltr'><strong>si</strong></span> <span class='ocrx_word' id='word_1_424' title='bbox 1352 575 1385 599; x_wconf 86' lang='lat' dir='ltr'><strong>ad</strong></span> <span class='ocrx_word' id='word_1_425' title='bbox 1409 575 1456 600; x_wconf 85' lang='lat' dir='ltr'><strong>illa</strong></span> <span class='ocrx_word' id='word_1_426' title='bbox 1481 582 1603 607; x_wconf 80' lang='lat' dir='ltr'><strong>persone</strong></span> <span class='ocrx_word' id='word_1_427' title='bbox 1622 575 1824 599; x_wconf 76' lang='lat' dir='ltr'><strong>consueverint</strong></span> <span class='ocrx_word' id='word_1_428' title='bbox 1842 583 1892 600; x_wconf 84' lang='lat' dir='ltr'><strong>seu</strong></span> <span class='ocrx_word' id='word_1_429' title='bbox 1911 575 2059 602; x_wconf 81' lang='lat' dir='ltr'><strong>debuerint</strong></span> <span class='ocrx_word' id='word_1_430' title='bbox 2076 585 2126 610; x_wconf 85' lang='lat' dir='ltr'><strong>per</strong></span> 
     </span>
     <span class='ocr_line' id='line_1_60' title="bbox 1197 618 2127 654; baseline 0.004 -12"><span class='ocrx_word' id='word_1_431' title='bbox 1197 618 1367 643; x_wconf 83' lang='lat' dir='ltr'><strong>electionem</strong></span> <span class='ocrx_word' id='word_1_432' title='bbox 1385 626 1434 643; x_wconf 90' lang='lat' dir='ltr'><strong>seu</strong></span> <span class='ocrx_word' id='word_1_433' title='bbox 1451 619 1571 651; x_wconf 70' lang='lat' dir='ltr'><strong>quenvis</strong></span> <span class='ocrx_word' id='word_1_434' title='bbox 1587 618 1671 642; x_wconf 89' lang='lat' dir='ltr'><strong>alium</strong></span> <span class='ocrx_word' id='word_1_435' title='bbox 1689 619 1801 643; x_wconf 90' lang='lat' dir='ltr'><strong>modum</strong></span> <span class='ocrx_word' id='word_1_436' title='bbox 1818 619 1938 650; x_wconf 82' lang='lat' dir='ltr'><strong>assumi,</strong></span> <span class='ocrx_word' id='word_1_437' title='bbox 1957 628 2035 645; x_wconf 88' lang='lat' dir='ltr'><strong>nunc</strong></span> <span class='ocrx_word' id='word_1_438' title='bbox 2051 621 2127 654; x_wconf 85' lang='lat' dir='ltr'><strong>apud</strong></span> 
     </span>
     <span class='ocr_line' id='line_1_61' title="bbox 1197 662 2127 698; baseline 0.003 -11"><span class='ocrx_word' id='word_1_439' title='bbox 1197 662 1291 687; x_wconf 79' lang='lat' dir='ltr'><strong>sedem</strong></span> <span class='ocrx_word' id='word_1_440' title='bbox 1311 663 1498 695; x_wconf 87' lang='lat' dir='ltr'><strong>apostolicam</strong></span> <span class='ocrx_word' id='word_1_441' title='bbox 1519 671 1687 694; x_wconf 83' lang='lat' dir='ltr'><strong>quoeunque</strong></span> <span class='ocrx_word' id='word_1_442' title='bbox 1705 663 1789 687; x_wconf 89' lang='lat' dir='ltr'><strong>modo</strong></span> <span class='ocrx_word' id='word_1_443' title='bbox 1804 663 1933 689; x_wconf 79' lang='lat' dir='ltr'><strong>vacantia</strong></span> <span class='ocrx_word' id='word_1_444' title='bbox 1949 667 1978 689; x_wconf 90' lang='lat' dir='ltr'><strong>et</strong></span> <span class='ocrx_word' id='word_1_445' title='bbox 1991 665 2127 698; x_wconf 84' lang='lat' dir='ltr'><strong>imposte—</strong></span> 
     </span>
     <span class='ocr_line' id='line_1_62' title="bbox 1196 707 2127 741; baseline 0.004 -10"><span class='ocrx_word' id='word_1_446' title='bbox 1196 715 1260 731; x_wconf 86' lang='lat' dir='ltr'><strong>rum</strong></span> <span class='ocrx_word' id='word_1_447' title='bbox 1279 710 1412 732; x_wconf 82' lang='lat' dir='ltr'><strong>vacatura</strong></span> <span class='ocrx_word' id='word_1_448' title='bbox 1428 715 1480 731; x_wconf 75' lang='lat' dir='ltr'><strong>nec</strong></span> <span class='ocrx_word' id='word_1_449' title='bbox 1499 715 1556 731; x_wconf 89' lang='lat' dir='ltr'><strong>non</strong></span> <span class='ocrx_word' id='word_1_450' title='bbox 1570 715 1620 739; x_wconf 85' lang='lat' dir='ltr'><strong>per</strong></span> <span class='ocrx_word' id='word_1_451' title='bbox 1638 707 1854 740; x_wconf 78' lang='lat' dir='ltr'><strong>dispositionem</strong></span> <span class='ocrx_word' id='word_1_452' title='bbox 1869 715 1919 733; x_wconf 86' lang='lat' dir='ltr'><strong>seu</strong></span> <span class='ocrx_word' id='word_1_453' title='bbox 1936 707 2127 741; x_wconf 81' lang='lat' dir='ltr'><strong>privationem</strong></span> 
     </span>
     <span class='ocr_line' id='line_1_63' title="bbox 1197 751 2127 784; baseline 0.002 -9"><span class='ocrx_word' id='word_1_454' title='bbox 1197 754 1225 776; x_wconf 86' lang='lat' dir='ltr'><strong>et</strong></span> <span class='ocrx_word' id='word_1_455' title='bbox 1242 751 1459 776; x_wconf 84' lang='lat' dir='ltr'><strong>translationem</strong></span> <span class='ocrx_word' id='word_1_456' title='bbox 1478 759 1529 784; x_wconf 83' lang='lat' dir='ltr'><strong>per</strong></span> <span class='ocrx_word' id='word_1_457' title='bbox 1545 760 1595 775; x_wconf 84' lang='lat' dir='ltr'><strong>nos</strong></span> <span class='ocrx_word' id='word_1_458' title='bbox 1613 759 1662 776; x_wconf 88' lang='lat' dir='ltr'><strong>seu</strong></span> <span class='ocrx_word' id='word_1_459' title='bbox 1680 752 1851 777; x_wconf 86' lang='lat' dir='ltr'><strong>auctoritate</strong></span> <span class='ocrx_word' id='word_1_460' title='bbox 1870 754 1970 778; x_wconf 82' lang='lat' dir='ltr'><strong>nostra</strong></span> <span class='ocrx_word' id='word_1_461' title='bbox 1985 753 2076 778; x_wconf 78' lang='lat' dir='ltr'><strong>factas</strong></span> <span class='ocrx_word' id='word_1_462' title='bbox 2099 757 2127 779; x_wconf 90' lang='lat' dir='ltr'><strong>et</strong></span> 
     </span>
     <span class='ocr_line' id='line_1_64' title="bbox 1197 796 2126 829; baseline 0.003 -9"><span class='ocrx_word' id='word_1_463' title='bbox 1197 796 1225 820; x_wconf 92' lang='lat' dir='ltr'><strong>in</strong></span> <span class='ocrx_word' id='word_1_464' title='bbox 1241 799 1324 821; x_wconf 85' lang='lat' dir='ltr'><strong>antea</strong></span> <span class='ocrx_word' id='word_1_465' title='bbox 1340 796 1483 821; x_wconf 82' lang='lat' dir='ltr'><strong>faciendas</strong></span> <span class='ocrx_word' id='word_1_466' title='bbox 1501 796 1633 825; x_wconf 85' lang='lat' dir='ltr'><strong>ubilibet,</strong></span> <span class='ocrx_word' id='word_1_467' title='bbox 1653 803 1707 820; x_wconf 85' lang='lat' dir='ltr'><strong>nec</strong></span> <span class='ocrx_word' id='word_1_468' title='bbox 1724 804 1782 820; x_wconf 92' lang='lat' dir='ltr'><strong>non</strong></span> <span class='ocrx_word' id='word_1_469' title='bbox 1797 796 1829 820; x_wconf 79' lang='lat' dir='ltr'><strong>ad</strong></span> <span class='ocrx_word' id='word_1_470' title='bbox 1846 804 1900 828; x_wconf 89' lang='lat' dir='ltr'><strong>que</strong></span> <span class='ocrx_word' id='word_1_471' title='bbox 1916 796 2001 829; x_wconf 83' lang='lat' dir='ltr'><strong>aliqui</strong></span> <span class='ocrx_word' id='word_1_472' title='bbox 2016 797 2046 822; x_wconf 90' lang='lat' dir='ltr'><strong>in</strong></span> <span class='ocrx_word' id='word_1_473' title='bbox 2059 805 2126 822; x_wconf 87' lang='lat' dir='ltr'><strong>con-</strong></span> 
     </span>
     <span class='ocr_line' id='line_1_65' title="bbox 1196 839 2127 874; baseline 0.002 -10"><span class='ocrx_word' id='word_1_474' title='bbox 1196 840 1289 864; x_wconf 85' lang='lat' dir='ltr'><strong>cordia</strong></span> <span class='ocrx_word' id='word_1_475' title='bbox 1314 840 1356 864; x_wconf 86' lang='lat' dir='ltr'><strong>vel</strong></span> <span class='ocrx_word' id='word_1_476' title='bbox 1377 840 1517 864; x_wconf 78' lang='lat' dir='ltr'><strong>discordia</strong></span> <span class='ocrx_word' id='word_1_477' title='bbox 1540 839 1622 865; x_wconf 84' lang='lat' dir='ltr'><strong>electi</strong></span> <span class='ocrx_word' id='word_1_478' title='bbox 1643 848 1692 865; x_wconf 85' lang='lat' dir='ltr'><strong>scu</strong></span> <span class='ocrx_word' id='word_1_479' title='bbox 1713 840 1851 872; x_wconf 86' lang='lat' dir='ltr'><strong>postulati</strong></span> <span class='ocrx_word' id='word_1_480' title='bbox 1871 840 1986 873; x_wconf 76' lang='lat' dir='ltr'><strong>fuerint,</strong></span> <span class='ocrx_word' id='word_1_481' title='bbox 2007 849 2127 874; x_wconf 87' lang='lat' dir='ltr'><strong>quorum</strong></span> 
     </span>
     <span class='ocr_line' id='line_1_66' title="bbox 1196 884 2126 918; baseline 0.002 -9"><span class='ocrx_word' id='word_1_482' title='bbox 1196 884 1298 909; x_wconf 80' lang='lat' dir='ltr'><strong>electio</strong></span> <span class='ocrx_word' id='word_1_483' title='bbox 1320 887 1432 909; x_wconf 87' lang='lat' dir='ltr'><strong>cassata</strong></span> <span class='ocrx_word' id='word_1_484' title='bbox 1456 892 1505 908; x_wconf 82' lang='lat' dir='ltr'><strong>seu</strong></span> <span class='ocrx_word' id='word_1_485' title='bbox 1529 884 1684 917; x_wconf 87' lang='lat' dir='ltr'><strong>postulatio</strong></span> <span class='ocrx_word' id='word_1_486' title='bbox 1709 885 1824 917; x_wconf 85' lang='lat' dir='ltr'><strong>repulsa</strong></span> <span class='ocrx_word' id='word_1_487' title='bbox 1846 885 1890 910; x_wconf 81' lang='lat' dir='ltr'><strong>rel</strong></span> <span class='ocrx_word' id='word_1_488' title='bbox 1912 893 1964 918; x_wconf 88' lang='lat' dir='ltr'><strong>per</strong></span> <span class='ocrx_word' id='word_1_489' title='bbox 1986 894 2034 911; x_wconf 83' lang='lat' dir='ltr'><strong>eos</strong></span> <span class='ocrx_word' id='word_1_490' title='bbox 2052 886 2126 911; x_wconf 81' lang='lat' dir='ltr'><strong>facta</strong></span> 
     </span>
     <span class='ocr_line' id='line_1_67' title="bbox 1195 927 2126 955; baseline 0.002 -2"><span class='ocrx_word' id='word_1_491' title='bbox 1195 927 1368 953; x_wconf 86' lang='lat' dir='ltr'><strong>renuntiatio</strong></span> <span class='ocrx_word' id='word_1_492' title='bbox 1395 931 1423 953; x_wconf 85' lang='lat' dir='ltr'><strong>et</strong></span> <span class='ocrx_word' id='word_1_493' title='bbox 1448 928 1569 953; x_wconf 86' lang='lat' dir='ltr'><strong>admissa</strong></span> <span class='ocrx_word' id='word_1_494' title='bbox 1598 929 1770 953; x_wconf 84' lang='lat' dir='ltr'><strong>auctoritate</strong></span> <span class='ocrx_word' id='word_1_495' title='bbox 1800 932 1898 954; x_wconf 82' lang='lat' dir='ltr'><strong>nostra</strong></span> <span class='ocrx_word' id='word_1_496' title='bbox 1928 930 2051 955; x_wconf 83' lang='lat' dir='ltr'><strong>extiterit</strong></span> <span class='ocrx_word' id='word_1_497' title='bbox 2077 938 2126 955; x_wconf 80' lang='lat' dir='ltr'><strong>seu</strong></span> 
     </span>
     <span class='ocr_line' id='line_1_68' title="bbox 1196 972 2128 1008; baseline 0.002 -11"><span class='ocrx_word' id='word_1_498' title='bbox 1196 980 1317 1005; x_wconf 87' lang='lat' dir='ltr'><strong>quorum</strong></span> <span class='ocrx_word' id='word_1_499' title='bbox 1339 973 1496 997; x_wconf 89' lang='lat' dir='ltr'><strong>electorum</strong></span> <span class='ocrx_word' id='word_1_500' title='bbox 1520 973 1564 997; x_wconf 89' lang='lat' dir='ltr'><strong>vel</strong></span> <span class='ocrx_word' id='word_1_501' title='bbox 1586 972 1794 1004; x_wconf 86' lang='lat' dir='ltr'><strong>postulatorum</strong></span> <span class='ocrx_word' id='word_1_502' title='bbox 1824 977 1853 997; x_wconf 88' lang='lat' dir='ltr'><strong>et</strong></span> <span class='ocrx_word' id='word_1_503' title='bbox 1875 973 1903 998; x_wconf 90' lang='lat' dir='ltr'><strong>in</strong></span> <span class='ocrx_word' id='word_1_504' title='bbox 1919 977 2002 999; x_wconf 86' lang='lat' dir='ltr'><strong>antea</strong></span> <span class='ocrx_word' id='word_1_505' title='bbox 2019 974 2128 1008; x_wconf 79' lang='lat' dir='ltr'><strong>eligen-</strong></span> 
     </span>
     <span class='ocr_line' id='line_1_69' title="bbox 1197 1016 2127 1051; baseline 0.002 -10"><span class='ocrx_word' id='word_1_506' title='bbox 1197 1017 1298 1041; x_wconf 88' lang='lat' dir='ltr'><strong>dorum</strong></span> <span class='ocrx_word' id='word_1_507' title='bbox 1314 1016 1359 1041; x_wconf 87' lang='lat' dir='ltr'><strong>vel</strong></span> <span class='ocrx_word' id='word_1_508' title='bbox 1376 1016 1612 1048; x_wconf 85' lang='lat' dir='ltr'><strong>postulandorum</strong></span> <span class='ocrx_word' id='word_1_509' title='bbox 1630 1016 1802 1041; x_wconf 87' lang='lat' dir='ltr'><strong>electionem</strong></span> <span class='ocrx_word' id='word_1_510' title='bbox 1813 1018 1919 1042; x_wconf 87' lang='lat' dir='ltr'><strong>cassari</strong></span> <span class='ocrx_word' id='word_1_511' title='bbox 1935 1025 1984 1043; x_wconf 85' lang='lat' dir='ltr'><strong>seu</strong></span> <span class='ocrx_word' id='word_1_512' title='bbox 2001 1019 2127 1051; x_wconf 86' lang='lat' dir='ltr'><strong>postula-</strong></span> 
     </span>
     <span class='ocr_line' id='line_1_70' title="bbox 1196 1061 2127 1095; baseline 0.003 -10"><span class='ocrx_word' id='word_1_513' title='bbox 1196 1061 1304 1086; x_wconf 89' lang='lat' dir='ltr'><strong>tionem</strong></span> <span class='ocrx_word' id='word_1_514' title='bbox 1334 1061 1434 1092; x_wconf 86' lang='lat' dir='ltr'><strong>repelli</strong></span> <span class='ocrx_word' id='word_1_515' title='bbox 1456 1064 1504 1086; x_wconf 86' lang='lat' dir='ltr'><strong>aut</strong></span> <span class='ocrx_word' id='word_1_516' title='bbox 1527 1061 1773 1086; x_wconf 81' lang='lat' dir='ltr'><strong>renuntiationem</strong></span> <span class='ocrx_word' id='word_1_517' title='bbox 1796 1062 1904 1086; x_wconf 82' lang='lat' dir='ltr'><strong>admitti</strong></span> <span class='ocrx_word' id='word_1_518' title='bbox 1928 1071 1980 1095; x_wconf 90' lang='lat' dir='ltr'><strong>per</strong></span> <span class='ocrx_word' id='word_1_519' title='bbox 2001 1070 2054 1087; x_wconf 79' lang='lat' dir='ltr'><strong>nos</strong></span> <span class='ocrx_word' id='word_1_520' title='bbox 2077 1065 2127 1088; x_wconf 86' lang='lat' dir='ltr'><strong>aut</strong></span> 
     </span>
     <span class='ocr_line' id='line_1_71' title="bbox 1197 1105 2124 1140; baseline 0.003 -11"><span class='ocrx_word' id='word_1_521' title='bbox 1197 1106 1363 1130; x_wconf 85' lang='lat' dir='ltr'><strong>auctoritate</strong></span> <span class='ocrx_word' id='word_1_522' title='bbox 1383 1107 1480 1129; x_wconf 85' lang='lat' dir='ltr'><strong>nostra</strong></span> <span class='ocrx_word' id='word_1_523' title='bbox 1505 1105 1670 1140; x_wconf 79' lang='lat' dir='ltr'><strong>continget,</strong></span> <span class='ocrx_word' id='word_1_524' title='bbox 1690 1105 1764 1138; x_wconf 86' lang='lat' dir='ltr'><strong>apud</strong></span> <span class='ocrx_word' id='word_1_525' title='bbox 1788 1105 1882 1131; x_wconf 88' lang='lat' dir='ltr'><strong>sedem</strong></span> <span class='ocrx_word' id='word_1_526' title='bbox 1902 1107 2059 1139; x_wconf 86' lang='lat' dir='ltr'><strong>predictam</strong></span> <span class='ocrx_word' id='word_1_527' title='bbox 2078 1108 2124 1132; x_wconf 79' lang='lat' dir='ltr'><strong>vel</strong></span> 
     </span>
     <span class='ocr_line' id='line_1_72' title="bbox 1197 1147 2126 1183; baseline 0.002 -9"><span class='ocrx_word' id='word_1_528' title='bbox 1197 1149 1263 1175; x_wconf 85' lang='lat' dir='ltr'><strong>alibi</strong></span> <span class='ocrx_word' id='word_1_529' title='bbox 1279 1150 1442 1183; x_wconf 89' lang='lat' dir='ltr'><strong>ubicunque</strong></span> <span class='ocrx_word' id='word_1_530' title='bbox 1461 1151 1489 1173; x_wconf 89' lang='lat' dir='ltr'><strong>et</strong></span> <span class='ocrx_word' id='word_1_531' title='bbox 1505 1147 1589 1173; x_wconf 88' lang='lat' dir='ltr'><strong>etiam</strong></span> <span class='ocrx_word' id='word_1_532' title='bbox 1611 1157 1662 1181; x_wconf 89' lang='lat' dir='ltr'><strong>per</strong></span> <span class='ocrx_word' id='word_1_533' title='bbox 1678 1149 1785 1174; x_wconf 89' lang='lat' dir='ltr'><strong>obitum</strong></span> <span class='ocrx_word' id='word_1_534' title='bbox 1798 1150 1981 1175; x_wconf 78' lang='lat' dir='ltr'><strong>cardinalium</strong></span> <span class='ocrx_word' id='word_1_535' title='bbox 1999 1151 2126 1176; x_wconf 84' lang='lat' dir='ltr'><strong>eiusdem</strong></span> 
     </span>
     <span class='ocr_line' id='line_1_73' title="bbox 1198 1192 2127 1229; baseline 0.002 -10"><span class='ocrx_word' id='word_1_536' title='bbox 1198 1194 1318 1219; x_wconf 86' lang='lat' dir='ltr'><strong>ecclesie</strong></span> <span class='ocrx_word' id='word_1_537' title='bbox 1327 1195 1456 1219; x_wconf 88' lang='lat' dir='ltr'><strong>Romane</strong></span> <span class='ocrx_word' id='word_1_538' title='bbox 1473 1196 1521 1218; x_wconf 89' lang='lat' dir='ltr'><strong>aut</strong></span> <span class='ocrx_word' id='word_1_539' title='bbox 1531 1192 1737 1218; x_wconf 73' lang='lat' dir='ltr'><strong>officiariorum</strong></span> <span class='ocrx_word' id='word_1_540' title='bbox 1753 1194 1826 1219; x_wconf 91' lang='lat' dir='ltr'><strong>dicte</strong></span> <span class='ocrx_word' id='word_1_541' title='bbox 1843 1195 1916 1220; x_wconf 89' lang='lat' dir='ltr'><strong>sedis</strong></span> <span class='ocrx_word' id='word_1_542' title='bbox 1927 1196 2050 1227; x_wconf 88' lang='lat' dir='ltr'><strong>quandiu</strong></span> <span class='ocrx_word' id='word_1_543' title='bbox 2064 1195 2127 1229; x_wconf 86' lang='lat' dir='ltr'><strong>ipsa</strong></span> 
     </span>
     <span class='ocr_line' id='line_1_74' title="bbox 1198 1238 2127 1265; baseline 0.002 -2"><span class='ocrx_word' id='word_1_544' title='bbox 1198 1238 1293 1263; x_wconf 83' lang='lat' dir='ltr'><strong>officia</strong></span> <span class='ocrx_word' id='word_1_545' title='bbox 1314 1238 1464 1263; x_wconf 84' lang='lat' dir='ltr'><strong>actualiter</strong></span> <span class='ocrx_word' id='word_1_546' title='bbox 1482 1238 1622 1262; x_wconf 77' lang='lat' dir='ltr'><strong>tenebunt</strong></span> <span class='ocrx_word' id='word_1_547' title='bbox 1640 1238 1773 1263; x_wconf 86' lang='lat' dir='ltr'><strong>videlicet</strong></span> <span class='ocrx_word' id='word_1_548' title='bbox 1788 1238 2017 1265; x_wconf 81' lang='lat' dir='ltr'><strong>vicecancellarii</strong></span> <span class='ocrx_word' id='word_1_549' title='bbox 2036 1248 2127 1265; x_wconf 85' lang='lat' dir='ltr'><strong>came-</strong></span> 
     </span>
     <span class='ocr_line' id='line_1_75' title="bbox 1196 1281 2128 1315; baseline 0.002 -8"><span class='ocrx_word' id='word_1_550' title='bbox 1196 1283 1264 1307; x_wconf 87' lang='lat' dir='ltr'><strong>rarii</strong></span> <span class='ocrx_word' id='word_1_551' title='bbox 1284 1284 1392 1315; x_wconf 86' lang='lat' dir='ltr'><strong>septem</strong></span> <span class='ocrx_word' id='word_1_552' title='bbox 1408 1282 1584 1306; x_wconf 88' lang='lat' dir='ltr'><strong>notariorum</strong></span> <span class='ocrx_word' id='word_1_553' title='bbox 1603 1281 1740 1306; x_wconf 76' lang='lat' dir='ltr'><strong>audItoris</strong></span> <span class='ocrx_word' id='word_1_554' title='bbox 1762 1283 1922 1308; x_wconf 86' lang='lat' dir='ltr'><strong>litterarum</strong></span> <span class='ocrx_word' id='word_1_555' title='bbox 1938 1283 2128 1309; x_wconf 85' lang='lat' dir='ltr'><strong>contradicta-</strong></span> 
     </span>
     <span class='ocr_line' id='line_1_76' title="bbox 1196 1326 2128 1359; baseline 0.002 -8"><span class='ocrx_word' id='word_1_556' title='bbox 1196 1335 1261 1351; x_wconf 88' lang='lat' dir='ltr'><strong>rum</strong></span> <span class='ocrx_word' id='word_1_557' title='bbox 1287 1329 1315 1351; x_wconf 92' lang='lat' dir='ltr'><strong>et</strong></span> <span class='ocrx_word' id='word_1_558' title='bbox 1337 1326 1435 1359; x_wconf 82' lang='lat' dir='ltr'><strong>palatii</strong></span> <span class='ocrx_word' id='word_1_559' title='bbox 1453 1326 1603 1358; x_wconf 87' lang='lat' dir='ltr'><strong>apostolici</strong></span> <span class='ocrx_word' id='word_1_560' title='bbox 1629 1334 1778 1351; x_wconf 85' lang='lat' dir='ltr'><strong>causarum</strong></span> <span class='ocrx_word' id='word_1_561' title='bbox 1796 1327 1934 1352; x_wconf 90' lang='lat' dir='ltr'><strong>auditoris</strong></span> <span class='ocrx_word' id='word_1_562' title='bbox 1955 1329 2128 1354; x_wconf 90' lang='lat' dir='ltr'><strong>correctoris</strong></span> 
     </span>
     <span class='ocr_line' id='line_1_77' title="bbox 1197 1370 2128 1404; baseline 0.003 -9"><span class='ocrx_word' id='word_1_563' title='bbox 1197 1373 1312 1396; x_wconf 86' lang='lat' dir='ltr'><strong>centum</strong></span> <span class='ocrx_word' id='word_1_564' title='bbox 1332 1374 1360 1395; x_wconf 85' lang='lat' dir='ltr'><strong>et</strong></span> <span class='ocrx_word' id='word_1_565' title='bbox 1379 1370 1462 1394; x_wconf 84' lang='lat' dir='ltr'><strong>unius</strong></span> <span class='ocrx_word' id='word_1_566' title='bbox 1480 1370 1653 1402; x_wconf 88' lang='lat' dir='ltr'><strong>scriptorum</strong></span> <span class='ocrx_word' id='word_1_567' title='bbox 1673 1370 1834 1395; x_wconf 87' lang='lat' dir='ltr'><strong>litterarum</strong></span> <span class='ocrx_word' id='word_1_568' title='bbox 1854 1372 2076 1404; x_wconf 86' lang='lat' dir='ltr'><strong>apostolicarum</strong></span> <span class='ocrx_word' id='word_1_569' title='bbox 2099 1375 2128 1398; x_wconf 87' lang='lat' dir='ltr'><strong>et</strong></span> 
     </span>
     <span class='ocr_line' id='line_1_78' title="bbox 1197 1414 2126 1450; baseline 0.004 -12"><span class='ocrx_word' id='word_1_570' title='bbox 1197 1415 1423 1449; x_wconf 70' lang='lat' dir='ltr'><strong>vigintiquatuor</strong></span> <span class='ocrx_word' id='word_1_571' title='bbox 1441 1414 1640 1447; x_wconf 87' lang='lat' dir='ltr'><strong>penitentiarie</strong></span> <span class='ocrx_word' id='word_1_572' title='bbox 1659 1414 1732 1439; x_wconf 84' lang='lat' dir='ltr'><strong>dicte</strong></span> <span class='ocrx_word' id='word_1_573' title='bbox 1758 1415 1832 1439; x_wconf 86' lang='lat' dir='ltr'><strong>sedis</strong></span> <span class='ocrx_word' id='word_1_574' title='bbox 1855 1418 1883 1440; x_wconf 93' lang='lat' dir='ltr'><strong>et</strong></span> <span class='ocrx_word' id='word_1_575' title='bbox 1898 1416 2126 1450; x_wconf 78' lang='lat' dir='ltr'><strong>vigintiquinque</strong></span> 
     </span>
     <span class='ocr_line' id='line_1_79' title="bbox 1197 1459 2126 1489; baseline 0.003 -6"><span class='ocrx_word' id='word_1_576' title='bbox 1197 1459 1425 1483; x_wconf 82' lang='lat' dir='ltr'><strong>abbreviatorum</strong></span> <span class='ocrx_word' id='word_1_577' title='bbox 1436 1477 1442 1489; x_wconf 87' lang='lat'><em>‚</em></span> <span class='ocrx_word' id='word_1_578' title='bbox 1463 1466 1515 1483; x_wconf 89' lang='lat' dir='ltr'><strong>nec</strong></span> <span class='ocrx_word' id='word_1_579' title='bbox 1531 1466 1590 1483; x_wconf 88' lang='lat' dir='ltr'><strong>non</strong></span> <span class='ocrx_word' id='word_1_580' title='bbox 1614 1466 1747 1483; x_wconf 75' lang='lat' dir='ltr'><strong>verorum</strong></span> <span class='ocrx_word' id='word_1_581' title='bbox 1763 1460 2000 1485; x_wconf 88' lang='lat' dir='ltr'><strong>commensalium</strong></span> <span class='ocrx_word' id='word_1_582' title='bbox 2015 1463 2126 1486; x_wconf 89' lang='lat' dir='ltr'><strong>nostro-</strong></span> 
     </span>
     <span class='ocr_line' id='line_1_80' title="bbox 1197 1502 2127 1536; baseline 0.002 -8"><span class='ocrx_word' id='word_1_583' title='bbox 1197 1512 1260 1528; x_wconf 87' lang='lat' dir='ltr'><strong>rum</strong></span> <span class='ocrx_word' id='word_1_584' title='bbox 1282 1505 1310 1527; x_wconf 89' lang='lat' dir='ltr'><strong>et</strong></span> <span class='ocrx_word' id='word_1_585' title='bbox 1331 1502 1450 1527; x_wconf 87' lang='lat' dir='ltr'><strong>aliorum</strong></span> <span class='ocrx_word' id='word_1_586' title='bbox 1475 1503 1704 1536; x_wconf 78' lang='lat' dir='ltr'><strong>vigintiquinque</strong></span> <span class='ocrx_word' id='word_1_587' title='bbox 1728 1503 1941 1535; x_wconf 84' lang='lat' dir='ltr'><strong>capellanorum</strong></span> <span class='ocrx_word' id='word_1_588' title='bbox 1962 1505 2035 1530; x_wconf 85' lang='lat' dir='ltr'><strong>sedis</strong></span> <span class='ocrx_word' id='word_1_589' title='bbox 2053 1505 2127 1530; x_wconf 88' lang='lat' dir='ltr'><strong>eius-</strong></span> 
     </span>
     <span class='ocr_line' id='line_1_81' title="bbox 1197 1546 2127 1581; baseline 0.002 -9"><span class='ocrx_word' id='word_1_590' title='bbox 1197 1548 1257 1573; x_wconf 89' lang='lat' dir='ltr'><strong>dem</strong></span> <span class='ocrx_word' id='word_1_591' title='bbox 1275 1547 1303 1571; x_wconf 88' lang='lat' dir='ltr'><strong>in</strong></span> <span class='ocrx_word' id='word_1_592' title='bbox 1321 1546 1434 1580; x_wconf 82' lang='lat' dir='ltr'><strong>epitasso</strong></span> <span class='ocrx_word' id='word_1_593' title='bbox 1457 1547 1666 1579; x_wconf 86' lang='lat' dir='ltr'><strong>descriptorum</strong></span> <span class='ocrx_word' id='word_1_594' title='bbox 1685 1548 1712 1570; x_wconf 89' lang='lat' dir='ltr'><strong>et</strong></span> <span class='ocrx_word' id='word_1_595' title='bbox 1730 1547 1815 1571; x_wconf 88' lang='lat' dir='ltr'><strong>etiam</strong></span> <span class='ocrx_word' id='word_1_596' title='bbox 1832 1555 2069 1581; x_wconf 86' lang='lat' dir='ltr'><strong>quorumcunque</strong></span> <span class='ocrx_word' id='word_1_597' title='bbox 2088 1550 2127 1574; x_wconf 88' lang='lat' dir='ltr'><strong>le-</strong></span> 
     </span>
     <span class='ocr_line' id='line_1_82' title="bbox 1197 1590 2125 1626; baseline 0.002 -10"><span class='ocrx_word' id='word_1_598' title='bbox 1197 1595 1330 1626; x_wconf 85' lang='lat' dir='ltr'><strong>gatorum</strong></span> <span class='ocrx_word' id='word_1_599' title='bbox 1359 1599 1409 1616; x_wconf 89' lang='lat' dir='ltr'><strong>seu</strong></span> <span class='ocrx_word' id='word_1_600' title='bbox 1433 1591 1621 1615; x_wconf 87' lang='lat' dir='ltr'><strong>collectorum</strong></span> <span class='ocrx_word' id='word_1_601' title='bbox 1644 1598 1676 1615; x_wconf 88' lang='lat' dir='ltr'><strong>ac</strong></span> <span class='ocrx_word' id='word_1_602' title='bbox 1702 1590 1731 1615; x_wconf 92' lang='lat' dir='ltr'><strong>in</strong></span> <span class='ocrx_word' id='word_1_603' title='bbox 1753 1591 1836 1615; x_wconf 83' lang='lat' dir='ltr'><strong>terris</strong></span> <span class='ocrx_word' id='word_1_604' title='bbox 1856 1590 1983 1616; x_wconf 87' lang='lat' dir='ltr'><strong>Romane</strong></span> <span class='ocrx_word' id='word_1_605' title='bbox 2003 1593 2125 1618; x_wconf 81' lang='lat' dir='ltr'><strong>ecclesie</strong></span> 
     </span>
     <span class='ocr_line' id='line_1_83' title="bbox 1195 1635 2126 1668; baseline 0.001 -7"><span class='ocrx_word' id='word_1_606' title='bbox 1195 1639 1339 1661; x_wconf 90' lang='lat' dir='ltr'><strong>rectorum</strong></span> <span class='ocrx_word' id='word_1_607' title='bbox 1359 1643 1389 1659; x_wconf 87' lang='lat' dir='ltr'><strong>ac</strong></span> <span class='ocrx_word' id='word_1_608' title='bbox 1412 1635 1654 1660; x_wconf 83' lang='lat' dir='ltr'><strong>thesaurariorum</strong></span> <span class='ocrx_word' id='word_1_609' title='bbox 1676 1635 1877 1668; x_wconf 83' lang='lat' dir='ltr'><strong>deputatorum</strong></span> <span class='ocrx_word' id='word_1_610' title='bbox 1897 1643 1947 1661; x_wconf 84' lang='lat' dir='ltr'><strong>seu</strong></span> <span class='ocrx_word' id='word_1_611' title='bbox 1972 1637 2126 1662; x_wconf 81' lang='lat' dir='ltr'><strong>missorum</strong></span> 
     </span>
     <span class='ocr_line' id='line_1_84' title="bbox 1196 1679 2124 1712; baseline 0.001 -7"><span class='ocrx_word' id='word_1_612' title='bbox 1196 1681 1337 1706; x_wconf 84' lang='lat' dir='ltr'><strong>hactenus</strong></span> <span class='ocrx_word' id='word_1_613' title='bbox 1354 1679 1398 1704; x_wconf 88' lang='lat' dir='ltr'><strong>vel</strong></span> <span class='ocrx_word' id='word_1_614' title='bbox 1416 1679 1645 1711; x_wconf 85' lang='lat' dir='ltr'><strong>deputandorum</strong></span> <span class='ocrx_word' id='word_1_615' title='bbox 1662 1681 1710 1703; x_wconf 88' lang='lat' dir='ltr'><strong>aut</strong></span> <span class='ocrx_word' id='word_1_616' title='bbox 1720 1679 2124 1712; x_wconf 79' lang='lat' dir='ltr'><strong>mittendorumimposterum</strong></span> 
     </span>
     <span class='ocr_line' id='line_1_85' title="bbox 1197 1723 2126 1759; baseline 0.001 -10"><span class='ocrx_word' id='word_1_617' title='bbox 1197 1724 1328 1750; x_wconf 84' lang='lat' dir='ltr'><strong>vacantia</strong></span> <span class='ocrx_word' id='word_1_618' title='bbox 1351 1727 1379 1749; x_wconf 90' lang='lat' dir='ltr'><strong>et</strong></span> <span class='ocrx_word' id='word_1_619' title='bbox 1404 1724 1432 1748; x_wconf 92' lang='lat' dir='ltr'><strong>in</strong></span> <span class='ocrx_word' id='word_1_620' title='bbox 1455 1726 1538 1748; x_wconf 83' lang='lat' dir='ltr'><strong>antea</strong></span> <span class='ocrx_word' id='word_1_621' title='bbox 1557 1725 1692 1748; x_wconf 77' lang='lat' dir='ltr'><strong>vacatura</strong></span> <span class='ocrx_word' id='word_1_622' title='bbox 1714 1723 1876 1756; x_wconf 89' lang='lat' dir='ltr'><strong>ubicunque</strong></span> <span class='ocrx_word' id='word_1_623' title='bbox 1900 1723 1991 1749; x_wconf 86' lang='lat' dir='ltr'><strong>dictos</strong></span> <span class='ocrx_word' id='word_1_624' title='bbox 2016 1724 2126 1759; x_wconf 82' lang='lat' dir='ltr'><strong>legatos</strong></span> 
     </span>
     <span class='ocr_line' id='line_1_86' title="bbox 1197 1767 2128 1802; baseline 0.002 -9"><span class='ocrx_word' id='word_1_625' title='bbox 1197 1769 1242 1794; x_wconf 90' lang='lat' dir='ltr'><strong>vel</strong></span> <span class='ocrx_word' id='word_1_626' title='bbox 1268 1769 1437 1793; x_wconf 84' lang='lat' dir='ltr'><strong>collectores</strong></span> <span class='ocrx_word' id='word_1_627' title='bbox 1459 1776 1508 1793; x_wconf 86' lang='lat' dir='ltr'><strong>seu</strong></span> <span class='ocrx_word' id='word_1_628' title='bbox 1533 1770 1660 1792; x_wconf 85' lang='lat' dir='ltr'><strong>rectores</strong></span> <span class='ocrx_word' id='word_1_629' title='bbox 1684 1771 1734 1792; x_wconf 89' lang='lat' dir='ltr'><strong>aut</strong></span> <span class='ocrx_word' id='word_1_630' title='bbox 1758 1767 1953 1793; x_wconf 80' lang='lat' dir='ltr'><strong>thesaurarius</strong></span> <span class='ocrx_word' id='word_1_631' title='bbox 1975 1771 2128 1802; x_wconf 82' lang='lat' dir='ltr'><strong>antequam</strong></span> 
     </span>
     <span class='ocr_line' id='line_1_87' title="bbox 1198 1812 2126 1839; baseline 0 -1"><span class='ocrx_word' id='word_1_632' title='bbox 1198 1814 1230 1838; x_wconf 87' lang='lat' dir='ltr'><strong>ad</strong></span> <span class='ocrx_word' id='word_1_633' title='bbox 1249 1813 1408 1838; x_wconf 80' lang='lat' dir='ltr'><strong>Romanam</strong></span> <span class='ocrx_word' id='word_1_634' title='bbox 1427 1812 1534 1837; x_wconf 85' lang='lat' dir='ltr'><strong>curiam</strong></span> <span class='ocrx_word' id='word_1_635' title='bbox 1557 1812 1694 1837; x_wconf 84' lang='lat' dir='ltr'><strong>redierint</strong></span> <span class='ocrx_word' id='word_1_636' title='bbox 1717 1819 1766 1837; x_wconf 90' lang='lat' dir='ltr'><strong>seu</strong></span> <span class='ocrx_word' id='word_1_637' title='bbox 1785 1812 1918 1838; x_wconf 87' lang='lat' dir='ltr'><strong>venerint</strong></span> <span class='ocrx_word' id='word_1_638' title='bbox 1936 1813 2021 1838; x_wconf 86' lang='lat' dir='ltr'><strong>rebus</strong></span> <span class='ocrx_word' id='word_1_639' title='bbox 2043 1813 2126 1839; x_wconf 84' lang='lat' dir='ltr'><strong>eximi</strong></span> 
     </span>
     <span class='ocr_line' id='line_1_88' title="bbox 1198 1856 2127 1891; baseline 0 -9"><span class='ocrx_word' id='word_1_640' title='bbox 1198 1857 1352 1891; x_wconf 82' lang='lat' dir='ltr'><strong>contigerit</strong></span> <span class='ocrx_word' id='word_1_641' title='bbox 1372 1857 1406 1881; x_wconf 85' lang='lat' dir='ltr'><strong>ab</strong></span> <span class='ocrx_word' id='word_1_642' title='bbox 1424 1856 1567 1886; x_wconf 86' lang='lat' dir='ltr'><strong>humanis,</strong></span> <span class='ocrx_word' id='word_1_643' title='bbox 1588 1864 1641 1881; x_wconf 89' lang='lat' dir='ltr'><strong>nee</strong></span> <span class='ocrx_word' id='word_1_644' title='bbox 1663 1865 1722 1881; x_wconf 90' lang='lat' dir='ltr'><strong>non</strong></span> <span class='ocrx_word' id='word_1_645' title='bbox 1738 1856 1931 1889; x_wconf 87' lang='lat' dir='ltr'><strong>quorumlibet</strong></span> <span class='ocrx_word' id='word_1_646' title='bbox 1945 1865 1997 1890; x_wconf 88' lang='lat' dir='ltr'><strong>pro</strong></span> <span class='ocrx_word' id='word_1_647' title='bbox 2013 1857 2127 1889; x_wconf 82' lang='lat' dir='ltr'><strong>quibus-</strong></span> 
     </span>
     <span class='ocr_line' id='line_1_89' title="bbox 1198 1900 2127 1934; baseline 0.001 -8"><span class='ocrx_word' id='word_1_648' title='bbox 1198 1909 1310 1934; x_wconf 88' lang='lat' dir='ltr'><strong>cunque</strong></span> <span class='ocrx_word' id='word_1_649' title='bbox 1321 1900 1446 1934; x_wconf 76' lang='lat' dir='ltr'><strong>negotiis</strong></span> <span class='ocrx_word' id='word_1_650' title='bbox 1458 1901 1491 1925; x_wconf 84' lang='lat' dir='ltr'><strong>ad</strong></span> <span class='ocrx_word' id='word_1_651' title='bbox 1501 1901 1658 1927; x_wconf 84' lang='lat' dir='ltr'><strong>Romanam</strong></span> <span class='ocrx_word' id='word_1_652' title='bbox 1674 1901 1782 1926; x_wconf 88' lang='lat' dir='ltr'><strong>curiam</strong></span> <span class='ocrx_word' id='word_1_653' title='bbox 1796 1900 1973 1926; x_wconf 86' lang='lat' dir='ltr'><strong>venientium</strong></span> <span class='ocrx_word' id='word_1_654' title='bbox 1983 1909 2032 1926; x_wconf 88' lang='lat' dir='ltr'><strong>seu</strong></span> <span class='ocrx_word' id='word_1_655' title='bbox 2043 1902 2127 1928; x_wconf 77' lang='lat' dir='ltr'><strong>etiam</strong></span> 
     </span>
     <span class='ocr_line' id='line_1_90' title="bbox 1196 1944 2126 1972; baseline 0 -1"><span class='ocrx_word' id='word_1_656' title='bbox 1196 1945 1391 1971; x_wconf 82' lang='lat' dir='ltr'><strong>recedentium</strong></span> <span class='ocrx_word' id='word_1_657' title='bbox 1410 1945 1442 1970; x_wconf 90' lang='lat' dir='ltr'><strong>ab</strong></span> <span class='ocrx_word' id='word_1_658' title='bbox 1461 1944 1559 1970; x_wconf 85' lang='lat' dir='ltr'><strong>eadem</strong></span> <span class='ocrx_word' id='word_1_659' title='bbox 1580 1945 1601 1969; x_wconf 86' lang='lat' dir='ltr'><strong>si</strong></span> <span class='ocrx_word' id='word_1_660' title='bbox 1619 1945 1647 1969; x_wconf 90' lang='lat' dir='ltr'><strong>in</strong></span> <span class='ocrx_word' id='word_1_661' title='bbox 1667 1946 1737 1969; x_wconf 83' lang='lat' dir='ltr'><strong>locis</strong></span> <span class='ocrx_word' id='word_1_662' title='bbox 1752 1952 1767 1970; x_wconf 83' lang='lat' dir='ltr'><strong>a</strong></span> <span class='ocrx_word' id='word_1_663' title='bbox 1784 1945 1857 1970; x_wconf 89' lang='lat' dir='ltr'><strong>dicta</strong></span> <span class='ocrx_word' id='word_1_664' title='bbox 1872 1945 1948 1970; x_wconf 87' lang='lat' dir='ltr'><strong>curia</strong></span> <span class='ocrx_word' id='word_1_665' title='bbox 1964 1945 2040 1970; x_wconf 85' lang='lat' dir='ltr'><strong>ultra</strong></span> <span class='ocrx_word' id='word_1_666' title='bbox 2056 1946 2126 1972; x_wconf 87' lang='lat' dir='ltr'><strong>duas</strong></span> 
     </span>
     <span class='ocr_line' id='line_1_91' title="bbox 1197 1989 2125 2023; baseline 0.001 -9"><span class='ocrx_word' id='word_1_667' title='bbox 1197 1991 1285 2015; x_wconf 75' lang='lat' dir='ltr'><strong>dletas</strong></span> <span class='ocrx_word' id='word_1_668' title='bbox 1302 1989 1408 2023; x_wconf 78' lang='lat' dir='ltr'><strong>legales</strong></span> <span class='ocrx_word' id='word_1_669' title='bbox 1425 1997 1484 2014; x_wconf 90' lang='lat' dir='ltr'><strong>non</strong></span> <span class='ocrx_word' id='word_1_670' title='bbox 1500 1989 1670 2014; x_wconf 82' lang='lat' dir='ltr'><strong>distantibus</strong></span> <span class='ocrx_word' id='word_1_671' title='bbox 1688 1990 1743 2014; x_wconf 89' lang='lat' dir='ltr'><strong>iam</strong></span> <span class='ocrx_word' id='word_1_672' title='bbox 1761 1990 1858 2014; x_wconf 84' lang='lat' dir='ltr'><strong>forsan</strong></span> <span class='ocrx_word' id='word_1_673' title='bbox 1876 1989 2000 2014; x_wconf 86' lang='lat' dir='ltr'><strong>obierint</strong></span> <span class='ocrx_word' id='word_1_674' title='bbox 2015 1990 2059 2015; x_wconf 80' lang='lat' dir='ltr'><strong>vel</strong></span> <span class='ocrx_word' id='word_1_675' title='bbox 2076 1997 2125 2015; x_wconf 84' lang='lat' dir='ltr'><strong>eos</strong></span> 
     </span>
     <span class='ocr_line' id='line_1_92' title="bbox 1196 2033 2125 2067; baseline 0 -8"><span class='ocrx_word' id='word_1_676' title='bbox 1196 2035 1225 2059; x_wconf 87' lang='lat' dir='ltr'><strong>in</strong></span> <span class='ocrx_word' id='word_1_677' title='bbox 1239 2037 1323 2059; x_wconf 81' lang='lat' dir='ltr'><strong>antea</strong></span> <span class='ocrx_word' id='word_1_678' title='bbox 1339 2034 1373 2058; x_wconf 91' lang='lat' dir='ltr'><strong>ab</strong></span> <span class='ocrx_word' id='word_1_679' title='bbox 1389 2033 1442 2058; x_wconf 90' lang='lat' dir='ltr'><strong>hac</strong></span> <span class='ocrx_word' id='word_1_680' title='bbox 1455 2034 1518 2058; x_wconf 89' lang='lat' dir='ltr'><strong>luce</strong></span> <span class='ocrx_word' id='word_1_681' title='bbox 1535 2034 1657 2058; x_wconf 86' lang='lat' dir='ltr'><strong>transire</strong></span> <span class='ocrx_word' id='word_1_682' title='bbox 1673 2033 1830 2067; x_wconf 71' lang='lat' dir='ltr'><strong>contigerit</strong></span> <span class='ocrx_word' id='word_1_683' title='bbox 1845 2034 1929 2059; x_wconf 88' lang='lat' dir='ltr'><strong>etiam</strong></span> <span class='ocrx_word' id='word_1_684' title='bbox 1945 2033 2027 2059; x_wconf 85' lang='lat' dir='ltr'><strong>simili</strong></span> <span class='ocrx_word' id='word_1_685' title='bbox 2040 2034 2125 2059; x_wconf 87' lang='lat' dir='ltr'><strong>modo</strong></span> 
     </span>
     <span class='ocr_line' id='line_1_93' title="bbox 1197 2077 2127 2112; baseline 0.001 -9"><span class='ocrx_word' id='word_1_686' title='bbox 1197 2085 1432 2112; x_wconf 84' lang='lat' dir='ltr'><strong>quorumcunque</strong></span> <span class='ocrx_word' id='word_1_687' title='bbox 1457 2078 1606 2102; x_wconf 86' lang='lat' dir='ltr'><strong>curialium</strong></span> <span class='ocrx_word' id='word_1_688' title='bbox 1629 2077 1871 2112; x_wconf 78' lang='lat' dir='ltr'><strong>peregrinationis</strong></span> <span class='ocrx_word' id='word_1_689' title='bbox 1886 2078 2059 2104; x_wconf 81' lang='lat' dir='ltr'><strong>infirmitatis</strong></span> <span class='ocrx_word' id='word_1_690' title='bbox 2076 2086 2127 2104; x_wconf 86' lang='lat' dir='ltr'><strong>seu</strong></span> 
     </span>
     <span class='ocr_line' id='line_1_94' title="bbox 1196 2122 2125 2155; baseline 0.001 -7"><span class='ocrx_word' id='word_1_691' title='bbox 1196 2122 1382 2149; x_wconf 83' lang='lat' dir='ltr'><strong>recreationis</strong></span> <span class='ocrx_word' id='word_1_692' title='bbox 1410 2122 1453 2147; x_wconf 83' lang='lat' dir='ltr'><strong>vel</strong></span> <span class='ocrx_word' id='word_1_693' title='bbox 1471 2123 1525 2147; x_wconf 89' lang='lat' dir='ltr'><strong>alia</strong></span> <span class='ocrx_word' id='word_1_694' title='bbox 1542 2130 1711 2155; x_wconf 79' lang='lat' dir='ltr'><strong>quacunque</strong></span> <span class='ocrx_word' id='word_1_695' title='bbox 1729 2129 1815 2147; x_wconf 86' lang='lat' dir='ltr'><strong>eausa</strong></span> <span class='ocrx_word' id='word_1_696' title='bbox 1838 2122 1871 2146; x_wconf 83' lang='lat' dir='ltr'><strong>ad</strong></span> <span class='ocrx_word' id='word_1_697' title='bbox 1887 2123 1985 2155; x_wconf 84' lang='lat' dir='ltr'><strong>quevis</strong></span> <span class='ocrx_word' id='word_1_698' title='bbox 2002 2123 2065 2148; x_wconf 85' lang='lat' dir='ltr'><strong>loca</strong></span> <span class='ocrx_word' id='word_1_699' title='bbox 2082 2132 2125 2149; x_wconf 83' lang='lat' dir='ltr'><strong>se-</strong></span> 
     </span>
     <span class='ocr_line' id='line_1_95' title="bbox 1198 2165 2127 2199; baseline 0 -7"><span class='ocrx_word' id='word_1_700' title='bbox 1198 2167 1374 2199; x_wconf 83' lang='lat' dir='ltr'><strong>cedentium,</strong></span> <span class='ocrx_word' id='word_1_701' title='bbox 1397 2174 1447 2192; x_wconf 86' lang='lat' dir='ltr'><strong>seu</strong></span> <span class='ocrx_word' id='word_1_702' title='bbox 1469 2174 1517 2191; x_wconf 88' lang='lat' dir='ltr'><strong>eos</strong></span> <span class='ocrx_word' id='word_1_703' title='bbox 1543 2170 1697 2199; x_wconf 86' lang='lat' dir='ltr'><strong>antequam</strong></span> <span class='ocrx_word' id='word_1_704' title='bbox 1722 2166 1757 2190; x_wconf 81' lang='lat' dir='ltr'><strong>ad·</strong></span> <span class='ocrx_word' id='word_1_705' title='bbox 1780 2165 1885 2190; x_wconf 83' lang='lat' dir='ltr'><strong>dictam</strong></span> <span class='ocrx_word' id='word_1_706' title='bbox 1909 2166 2017 2191; x_wconf 82' lang='lat' dir='ltr'><strong>curiam</strong></span> <span class='ocrx_word' id='word_1_707' title='bbox 2037 2167 2127 2193; x_wconf 87' lang='lat' dir='ltr'><strong>redie-</strong></span> 
     </span>
     <span class='ocr_line' id='line_1_96' title="bbox 1196 2210 2126 2244; baseline -0.001 -7"><span class='ocrx_word' id='word_1_708' title='bbox 1196 2213 1253 2237; x_wconf 86' lang='lat' dir='ltr'><strong>rint</strong></span> <span class='ocrx_word' id='word_1_709' title='bbox 1268 2213 1296 2236; x_wconf 91' lang='lat' dir='ltr'><strong>in</strong></span> <span class='ocrx_word' id='word_1_710' title='bbox 1311 2212 1380 2236; x_wconf 88' lang='lat' dir='ltr'><strong>locis</strong></span> <span class='ocrx_word' id='word_1_711' title='bbox 1402 2211 1477 2236; x_wconf 89' lang='lat' dir='ltr'><strong>ultra</strong></span> <span class='ocrx_word' id='word_1_712' title='bbox 1493 2211 1560 2235; x_wconf 88' lang='lat' dir='ltr'><strong>duas</strong></span> <span class='ocrx_word' id='word_1_713' title='bbox 1578 2211 1666 2235; x_wconf 84' lang='lat' dir='ltr'><strong>dietas</strong></span> <span class='ocrx_word' id='word_1_714' title='bbox 1682 2210 1714 2234; x_wconf 88' lang='lat' dir='ltr'><strong>ab</strong></span> <span class='ocrx_word' id='word_1_715' title='bbox 1729 2210 1828 2235; x_wconf 86' lang='lat' dir='ltr'><strong>eadem</strong></span> <span class='ocrx_word' id='word_1_716' title='bbox 1846 2210 1924 2235; x_wconf 87' lang='lat' dir='ltr'><strong>curia</strong></span> <span class='ocrx_word' id='word_1_717' title='bbox 1939 2213 1971 2236; x_wconf 90' lang='lat' dir='ltr'><strong>ut</strong></span> <span class='ocrx_word' id='word_1_718' title='bbox 1986 2211 2126 2244; x_wconf 87' lang='lat' dir='ltr'><strong>premitti-</strong></span> 
     </span>
     <span class='ocr_line' id='line_1_97' title="bbox 1196 2255 2125 2287; baseline -0.001 -6"><span class='ocrx_word' id='word_1_719' title='bbox 1196 2259 1244 2282; x_wconf 89' lang='lat' dir='ltr'><strong>tur</strong></span> <span class='ocrx_word' id='word_1_720' title='bbox 1269 2264 1327 2281; x_wconf 90' lang='lat' dir='ltr'><strong>non</strong></span> <span class='ocrx_word' id='word_1_721' title='bbox 1350 2256 1467 2281; x_wconf 88' lang='lat' dir='ltr'><strong>remotis</strong></span> <span class='ocrx_word' id='word_1_722' title='bbox 1492 2255 1644 2280; x_wconf 88' lang='lat' dir='ltr'><strong>dummodo</strong></span> <span class='ocrx_word' id='word_1_723' title='bbox 1670 2262 1768 2279; x_wconf 87' lang='lat' dir='ltr'><strong>eorum</strong></span> <span class='ocrx_word' id='word_1_724' title='bbox 1787 2255 1935 2287; x_wconf 84' lang='lat' dir='ltr'><strong>proprium</strong></span> <span class='ocrx_word' id='word_1_725' title='bbox 1951 2255 2125 2280; x_wconf 88' lang='lat' dir='ltr'><strong>domicilium</strong></span> 
     </span>
     <span class='ocr_line' id='line_1_98' title="bbox 1196 2299 2122 2332; baseline -0.002 -6"><span class='ocrx_word' id='word_1_726' title='bbox 1196 2310 1255 2326; x_wconf 89' lang='lat' dir='ltr'><strong>non</strong></span> <span class='ocrx_word' id='word_1_727' title='bbox 1267 2301 1368 2325; x_wconf 80' lang='lat' dir='ltr'><strong>existat</strong></span> <span class='ocrx_word' id='word_1_728' title='bbox 1382 2301 1484 2325; x_wconf 85' lang='lat' dir='ltr'><strong>ibidem</strong></span> <span class='ocrx_word' id='word_1_729' title='bbox 1500 2300 1554 2324; x_wconf 87' lang='lat' dir='ltr'><strong>iam</strong></span> <span class='ocrx_word' id='word_1_730' title='bbox 1572 2300 1670 2324; x_wconf 81' lang='lat' dir='ltr'><strong>forsan</strong></span> <span class='ocrx_word' id='word_1_731' title='bbox 1682 2299 1859 2323; x_wconf 81' lang='lat' dir='ltr'><strong>decesserint</strong></span> <span class='ocrx_word' id='word_1_732' title='bbox 1874 2299 1919 2324; x_wconf 79' lang='lat' dir='ltr'><strong>vel</strong></span> <span class='ocrx_word' id='word_1_733' title='bbox 1936 2299 2122 2332; x_wconf 81' lang='lat' dir='ltr'><strong>imposterum</strong></span> 
     </span>
     <span class='ocr_line' id='line_1_99' title="bbox 1197 2337 2125 2378; baseline -0.002 -8"><span class='ocrx_word' id='word_1_734' title='bbox 1197 2353 1245 2370; x_wconf 80' lang='lat' dir='ltr'><strong>eos</strong></span> <span class='ocrx_word' id='word_1_735' title='bbox 1267 2345 1417 2378; x_wconf 79' lang='lat' dir='ltr'><strong>contingat</strong></span> <span class='ocrx_word' id='word_1_736' title='bbox 1438 2345 1471 2369; x_wconf 90' lang='lat' dir='ltr'><strong>de</strong></span> <span class='ocrx_word' id='word_1_737' title='bbox 1495 2344 1587 2369; x_wconf 83' lang='lat' dir='ltr'><strong>medio</strong></span> <span class='ocrx_word' id='word_1_738' title='bbox 1611 2343 1772 2368; x_wconf 85' lang='lat' dir='ltr'><strong>submoveri</strong></span> <span class='ocrx_word' id='word_1_739' title='bbox 1800 2345 1829 2368; x_wconf 89' lang='lat' dir='ltr'><strong>et</strong></span> <span class='ocrx_word' id='word_1_740' title='bbox 1852 2350 1930 2368; x_wconf 89' lang='lat' dir='ltr'><strong>nunc</strong></span> <span class='ocrx_word' id='word_1_741' title='bbox 1947 2351 1999 2376; x_wconf 89' lang='lat' dir='ltr'><strong>per</strong></span> <span class='ocrx_word' id='word_1_742' title='bbox 2017 2337 2125 2368; x_wconf 79' lang='lat' dir='ltr'><strong>obitum</strong></span> 
     </span>
     <span class='ocr_line' id='line_1_100' title="bbox 1196 2387 2124 2420; baseline -0.002 -6"><span class='ocrx_word' id='word_1_743' title='bbox 1196 2388 1356 2414; x_wconf 86' lang='lat' dir='ltr'><strong>huiusmodi</strong></span> <span class='ocrx_word' id='word_1_744' title='bbox 1383 2389 1550 2413; x_wconf 77' lang='lat' dir='ltr'><strong>vacantibus</strong></span> <span class='ocrx_word' id='word_1_745' title='bbox 1572 2388 1615 2412; x_wconf 73' lang='lat' dir='ltr'><strong>vel</strong></span> <span class='ocrx_word' id='word_1_746' title='bbox 1639 2387 1827 2420; x_wconf 82' lang='lat' dir='ltr'><strong>imposterum</strong></span> <span class='ocrx_word' id='word_1_747' title='bbox 1845 2387 2006 2419; x_wconf 82' lang='lat' dir='ltr'><strong>vacaturis,</strong></span> <span class='ocrx_word' id='word_1_748' title='bbox 2025 2395 2124 2412; x_wconf 83' lang='lat' dir='ltr'><strong>rursus</strong></span> 
     </span>
     <span class='ocr_line' id='line_1_101' title="bbox 1195 2431 2125 2465; baseline -0.002 -6"><span class='ocrx_word' id='word_1_749' title='bbox 1195 2433 1368 2459; x_wconf 86' lang='lat' dir='ltr'><strong>monasteria</strong></span> <span class='ocrx_word' id='word_1_750' title='bbox 1377 2433 1517 2465; x_wconf 84' lang='lat' dir='ltr'><strong>prioratus</strong></span> <span class='ocrx_word' id='word_1_751' title='bbox 1528 2435 1556 2457; x_wconf 84' lang='lat' dir='ltr'><strong>et</strong></span> <span class='ocrx_word' id='word_1_752' title='bbox 1570 2431 1725 2465; x_wconf 81' lang='lat' dir='ltr'><strong>dignitates</strong></span> <span class='ocrx_word' id='word_1_753' title='bbox 1735 2431 1888 2455; x_wconf 83' lang='lat' dir='ltr'><strong>decanatus</strong></span> <span class='ocrx_word' id='word_1_754' title='bbox 1899 2435 2070 2464; x_wconf 82' lang='lat' dir='ltr'><strong>personatus</strong></span> <span class='ocrx_word' id='word_1_755' title='bbox 2079 2432 2125 2457; x_wconf 81' lang='lat' dir='ltr'><strong>ad·</strong></span> 
     </span>
     <span class='ocr_line' id='line_1_102' title="bbox 1197 2475 2128 2507; baseline -0.001 -5"><span class='ocrx_word' id='word_1_756' title='bbox 1197 2478 1420 2503; x_wconf 87' lang='lat' dir='ltr'><strong>ministrationes</strong></span> <span class='ocrx_word' id='word_1_757' title='bbox 1430 2477 1521 2501; x_wconf 86' lang='lat' dir='ltr'><strong>officia</strong></span> <span class='ocrx_word' id='word_1_758' title='bbox 1533 2476 1717 2500; x_wconf 86' lang='lat' dir='ltr'><strong>canonicatus</strong></span> <span class='ocrx_word' id='word_1_759' title='bbox 1728 2475 1884 2507; x_wconf 78' lang='lat' dir='ltr'><strong>prebendas</strong></span> <span class='ocrx_word' id='word_1_760' title='bbox 1900 2478 1928 2500; x_wconf 92' lang='lat' dir='ltr'><strong>et</strong></span> <span class='ocrx_word' id='word_1_761' title='bbox 1937 2475 2072 2501; x_wconf 86' lang='lat' dir='ltr'><strong>ecclesias</strong></span> <span class='ocrx_word' id='word_1_762' title='bbox 2082 2484 2128 2501; x_wconf 89' lang='lat' dir='ltr'><strong>ce-</strong></span> 
     </span>
     <span class='ocr_line' id='line_1_103' title="bbox 1196 2519 2124 2554; baseline -0.003 -7"><span class='ocrx_word' id='word_1_763' title='bbox 1196 2526 1313 2554; x_wconf 86' lang='lat' dir='ltr'><strong>tera-que</strong></span> <span class='ocrx_word' id='word_1_764' title='bbox 1328 2520 1467 2546; x_wconf 78' lang='lat' dir='ltr'><strong>beneficia</strong></span> <span class='ocrx_word' id='word_1_765' title='bbox 1485 2520 1679 2545; x_wconf 84' lang='lat' dir='ltr'><strong>ecclesiastica</strong></span> <span class='ocrx_word' id='word_1_766' title='bbox 1698 2519 1837 2544; x_wconf 80' lang='lat' dir='ltr'><strong>secularia</strong></span> <span class='ocrx_word' id='word_1_767' title='bbox 1852 2522 1880 2544; x_wconf 87' lang='lat' dir='ltr'><strong>et</strong></span> <span class='ocrx_word' id='word_1_768' title='bbox 1893 2519 2039 2553; x_wconf 76' lang='lat' dir='ltr'><strong>regularia</strong></span> <span class='ocrx_word' id='word_1_769' title='bbox 2060 2527 2124 2545; x_wconf 86' lang='lat' dir='ltr'><strong>cum</strong></span> 
     </span>
     <span class='ocr_line' id='line_1_104' title="bbox 1197 2564 2123 2597; baseline -0.003 -5"><span class='ocrx_word' id='word_1_770' title='bbox 1197 2574 1265 2592; x_wconf 89' lang='lat' dir='ltr'><strong>eura</strong></span> <span class='ocrx_word' id='word_1_771' title='bbox 1274 2566 1319 2591; x_wconf 85' lang='lat' dir='ltr'><strong>vel</strong></span> <span class='ocrx_word' id='word_1_772' title='bbox 1329 2565 1388 2590; x_wconf 90' lang='lat' dir='ltr'><strong>sine</strong></span> <span class='ocrx_word' id='word_1_773' title='bbox 1398 2573 1465 2590; x_wconf 88' lang='lat' dir='ltr'><strong>eura</strong></span> <span class='ocrx_word' id='word_1_774' title='bbox 1475 2572 1644 2597; x_wconf 85' lang='lat' dir='ltr'><strong>quecunque</strong></span> <span class='ocrx_word' id='word_1_775' title='bbox 1659 2568 1687 2588; x_wconf 93' lang='lat' dir='ltr'><strong>et</strong></span> <span class='ocrx_word' id='word_1_776' title='bbox 1701 2564 1910 2596; x_wconf 83' lang='lat' dir='ltr'><strong>qualiacunque</strong></span> <span class='ocrx_word' id='word_1_777' title='bbox 1922 2564 2030 2589; x_wconf 74' lang='lat' dir='ltr'><strong>ruerint</strong></span> <span class='ocrx_word' id='word_1_778' title='bbox 2040 2564 2123 2589; x_wconf 84' lang='lat' dir='ltr'><strong>etiam</strong></span> 
     </span>
     <span class='ocr_line' id='line_1_105' title="bbox 1198 2608 2121 2642; baseline -0.003 -7"><span class='ocrx_word' id='word_1_779' title='bbox 1198 2612 1219 2636; x_wconf 77' lang='lat' dir='ltr'><strong>si</strong></span> <span class='ocrx_word' id='word_1_780' title='bbox 1241 2610 1273 2635; x_wconf 86' lang='lat' dir='ltr'><strong>ad</strong></span> <span class='ocrx_word' id='word_1_781' title='bbox 1294 2610 1340 2634; x_wconf 88' lang='lat' dir='ltr'><strong>illa</strong></span> <span class='ocrx_word' id='word_1_782' title='bbox 1362 2617 1481 2642; x_wconf 83' lang='lat' dir='ltr'><strong>persone</strong></span> <span class='ocrx_word' id='word_1_783' title='bbox 1503 2609 1705 2633; x_wconf 79' lang='lat' dir='ltr'><strong>consueverint</strong></span> <span class='ocrx_word' id='word_1_784' title='bbox 1731 2615 1780 2633; x_wconf 83' lang='lat' dir='ltr'><strong>seu</strong></span> <span class='ocrx_word' id='word_1_785' title='bbox 1807 2608 1957 2634; x_wconf 87' lang='lat' dir='ltr'><strong>debuerint</strong></span> <span class='ocrx_word' id='word_1_786' title='bbox 1975 2616 2026 2641; x_wconf 81' lang='lat' dir='ltr'><strong>per</strong></span> <span class='ocrx_word' id='word_1_787' title='bbox 2046 2609 2121 2634; x_wconf 87' lang='lat' dir='ltr'><strong>elec-</strong></span> 
     </span>
    </p>
   </div>
  </div>
 </body>
</html>
