2209 2858
170 134 198 169 C

524 121 733 178 Anhang.
765 120 929 179 Konig
957 119 1208 164 Friedrich
1239 119 1329 163 IV.
1361 130 1472 175 1448,
1500 131 1637 177 August
1659 131 1723 166 30.

168 274 358 308 quarumlibet
378 271 610 302 indemnitatem,
638 278 692 295 nec
714 278 772 295 non
793 270 920 296 fidelium
942 278 1041 303 pacem
1065 273 1094 296 et

169 321 292 352 quietem
306 318 333 342 in
350 316 407 341 suis
429 315 647 340 rationabilibus
667 315 744 340 uotis
763 317 790 339 et
806 315 996 347 peticionibus
1012 317 1092 339 tanto

168 373 219 388 nos
242 361 414 387 liberaliores
435 363 463 384 et
478 357 668 392 promptiores
689 359 832 383 reddimus
853 361 959 390 quanto
977 358 1094 391 potiori-

168 409 219 433 bus
236 407 305 431 alios
323 405 470 430 celestium
490 403 674 428 carismatum
696 403 862 427 muneribus
883 404 997 427 uberius
1016 406 1095 426 ante-

168 452 284 476 cellunt.
305 451 378 475 Sane
394 449 467 474 sicut
481 448 689 477 intelleximus,
711 455 742 472 ac
758 447 915 480 perspicuis
928 447 1010 471 nobis
1027 455 1094 470 con-

167 499 223 521 stat
239 499 266 520 et
282 494 405 519 innotuit
421 493 599 518 documentis
622 492 686 516 licet
704 491 929 524 parrochialinm
948 492 976 516 in
992 490 1093 524 Mang-

166 548 270 573 spurg.
291 539 319 563 in
336 538 429 568 stain,
450 537 479 561 in
494 535 615 565 Trefen,
635 536 664 559 in
682 535 861 568 Krainburga
880 538 909 559 et
927 534 958 560 in
974 535 1093 560 Sancto-

166 584 289 609 martino
307 580 507 616 Aquilegcnsis
525 580 660 605 dioecesis
683 580 813 604 locorum
833 580 1018 604 ecclesiarum
1036 579 1093 603 col-

166 629 234 653 latio
246 626 368 660 prouisio
381 628 408 650 et
419 624 579 650 omnimoda
595 623 743 656 dispositio
756 624 789 648 ad
804 624 996 656 patriarcham
1007 622 1094 655 Aqui-

169 674 316 706 legensem
334 678 384 703 pro
402 672 531 701 tempore
547 668 715 692 existentem
730 667 855 701 legitime
872 668 1050 700 pertineant,
1071 667 1093 691 si

169 720 266 742 tamen
282 715 353 740 dicte
371 713 488 739 ecclesie
504 713 614 737 illarum
626 713 805 736 vacationum
822 712 1035 736 occurrentibus
1050 718 1094 735 ca-

166 761 244 785 sibus
260 758 454 783 indifferenter
471 760 499 781 et
514 756 679 780 indistinete
697 756 844 788 quibusvis
864 764 982 788 quarum
1000 755 1092 787 alique

167 806 286 830 ducibus
308 803 419 827 Austrie
434 801 526 834 patrie
545 799 678 825 Carniole
699 800 772 824 infra
795 800 874 824 cuius
896 801 999 825 limites
1018 800 1091 824 dicte

167 850 285 875 ecclesie
308 847 469 872 consistunt
491 844 613 869 dominis
635 846 664 869 et
681 844 805 876 ipsarum
827 845 1010 869 ecclesiarum
1026 852 1092 876 par-

167 893 309 919 rochianis
335 892 447 923 ingrate
474 892 502 913 et
522 889 615 913 minus
637 891 753 921 accepte
775 888 871 913 forent
890 889 1020 922 personis
1041 895 1092 921 per

166 938 239 964 sedis
253 935 406 969 apostolice
423 934 466 958 vel
484 933 644 966 legatorum
663 933 722 957 eius
741 933 866 962 litteras,
888 933 932 958 vel
951 933 1091 957 ordinaria

166 990 215 1007 seu
236 982 288 1005 alia
305 979 402 1011 quavis
423 978 593 1002 auctoritate
609 965 862 1002 c‹›nferrentu?an
878 977 951 1001 dicte
968 984 1091 1009 persone

167 1028 199 1051 ad
216 1027 340 1058 ipsarum
357 1022 542 1047 ecclesiarum
560 1021 760 1053 possessiones
778 1021 964 1046 collationum
982 1028 1093 1045 earum-

166 1072 229 1096 dem
252 1078 302 1094 nec
325 1076 382 1092 non
404 1074 590 1099 processuum
615 1065 742 1090 diuersas
767 1065 1092 1092 excommunicationum

166 1114 385 1147 suspensionum
401 1115 429 1136 et
446 1109 589 1134 interdicti
608 1109 734 1141 aliasque
752 1109 957 1133 ecclesiasticas
977 1112 1092 1134 senten-

168 1161 221 1185 tias
245 1164 379 1182 censuras
402 1158 429 1180 et
445 1162 533 1187 penas
555 1154 584 1178 in
600 1161 630 1178 se
649 1153 855 1177 continentium
876 1161 927 1185 per
943 1152 1031 1177 dictas
1047 1153 1092 1177 lit-

166 1210 243 1230 teras
263 1201 422 1226 habitorum
445 1199 544 1231 uigore
565 1198 626 1222 siue.
649 1199 780 1229 pretextu
798 1198 960 1221 necessario
982 1197 1092 1221 admitti

167 1249 317 1277 deberent,
338 1245 436 1279 grauia
454 1242 550 1268 eximie
568 1244 689 1274 possent
704 1241 894 1266 dissensiones
913 1244 941 1265 et
958 1241 1092 1266 seandala

167 1291 287 1319 suboriri
305 1294 332 1316 et
348 1292 375 1314 in
393 1288 497 1313 eisdem
514 1286 736 1311 admissionibus
751 1294 810 1310 non
825 1285 932 1310 modica
947 1286 1027 1310 fieret
1041 1286 1093 1310 ‹lif-

168 1338 291 1363 ficultas.
329 1334 387 1359 Nos
415 1334 508 1364 itaque
537 1334 683 1355 tantorum
706 1330 904 1354 scandalorum
932 1329 1092 1362 precipicijs

168 1384 253 1415 prout
271 1388 303 1405 ex
323 1380 457 1409 suscepte
480 1383 532 1399 nos
549 1375 681 1398 astrictos
701 1374 873 1397 arbitramur
891 1374 1035 1398 servitutis
1054 1375 1094 1398 of-

168 1427 248 1455 ficio,
268 1425 298 1448 in
319 1421 464 1455 premissis
486 1419 601 1444 obviare
632 1418 783 1442 salubriter
804 1418 968 1449 cupientes,
997 1426 1028 1442 ac
1052 1419 1094 1442 ius

169 1467 335 1494 conferendi
359 1465 447 1490 dictas
473 1463 609 1489 ecelesias
630 1469 645 1486 a
667 1461 837 1494 patriarchis
852 1460 1094 1495 Aquilegensibus

1159 278 1210 303 pro
1233 273 1360 303 tempore
1385 268 1573 295 existentibus
1603 278 1688 302 quam
1713 270 1760 295 (liu
1786 272 1874 297 vitam
1900 271 1929 296 in
1953 271 2086 297 humanis

1160 315 1252 348 egeris
1278 314 1392 346 penitus
1413 314 1550 338 tollentes
1568 317 1595 338 et
1612 314 1781 345 adimentes,
1804 317 1931 348 prefatas
1947 315 2086 341 ecclesias

1160 359 1199 382 tui
1217 358 1284 383 iuris
1295 361 1462 390 patronatus
1478 358 1681 382 constituimus
1696 361 1723 383 et
1739 366 1801 384 esse
1823 359 2011 390 decernimus,
2031 367 2086 385 nee

1159 410 1217 426 non
1235 403 1277 426 ius
1300 405 1470 435 patronatus
1486 402 1624 427 dictarum
1643 401 1829 428 ecclesiarum
1845 411 1876 428 ac
1895 403 2083 437 presentandi

1159 454 1295 479 personas
1311 447 1437 479 ydoneas
1453 447 1506 471 loci
1523 447 1663 471 ordinario
1681 447 1712 471 ad
1731 447 1794 472 illas
1812 450 1841 473 et
1856 448 1968 473 illarum
1986 455 2085 481 quam-

1161 491 1230 515 libet
1248 491 1380 523 quotiens
1397 492 1473 524 ipsas
1490 492 1537 516 uel
1555 499 1651 516 earum
1668 492 1790 524 aliquam
1805 492 1895 525 prima
1912 492 1974 519 vice
1995 495 2026 518 et
2040 499 2086 517 ex-

1160 538 1227 559 tunc
1244 535 1377 568 deinceps
1398 536 1530 567 quotiens
1554 535 1628 568 ipsas
1656 535 1683 560 in
1704 539 1788 561 antea
1805 536 2021 568 quomodolibet
2035 544 2085 561 va-

1161 586 1224 604 care
1243 580 1414 613 contigerit,
1442 579 1493 604 tibi
1512 580 1558 612 qui
1579 580 1652 605 dicte
1672 581 1762 612 patrie
1782 581 1914 605 dominns
1935 583 1965 606 et
1982 587 2085 606 eonce—

1160 624 1245 648 dente
1264 624 1379 648 domino
1396 624 1512 648 futurus
1529 624 1723 649 Romanorum
1739 625 1895 657 imperator
1907 632 2021 658 semper
2035 631 2085 649 au—

1158 671 1260 701 gustus
1280 667 1376 692 existis
1393 668 1485 699 quoad
1502 667 1604 692 vixeris
1631 669 1785 701 apostolica
1807 669 1976 693 auctoritate
1997 676 2029 693 ae
2053 675 2086 693 ex

1160 715 1237 736 certa
1260 712 1378 736 scientia
1397 719 1576 737 reservamus
1601 715 1629 737 et
1649 712 1831 737 concedimus
1852 720 1905 745 per
1923 713 2084 745 presentes,

1157 756 1211 780 iuri
1233 755 1397 780 conferendi
1423 756 1557 781 ecclesias
1578 756 1736 789 patriarche
1758 766 1810 789 pro
1832 759 1962 789 tempore
1983 755 2084 781 huius-

1157 800 1231 824 modi
1246 799 1362 824 interim
1376 807 1508 832 expresse
1525 803 1553 825 et
1570 799 1734 833 specialiter
1749 801 1931 834 deroganteS,
1949 807 1982 825 ae
1997 800 2082 825 etiam

1157 844 1346 869 decernentes
1368 843 1482 869 irritum
1505 847 1534 869 et
1551 844 1636 869 inane
1660 846 1682 869 si
1702 853 1782 869 secus
1800 852 1888 877 super
1907 844 1962 875 hijs
1981 851 1997 869 a
2012 852 2082 876 qno—

1157 896 1240 920 quam
1255 888 1354 920 quaris
1376 889 1548 913 auctoritate
1567 889 1691 914 scienter
1707 889 1751 913 vel
1772 889 1939 923 ignoranter
1955 889 2086 922 contige-

1157 934 1194 957 rit
1213 933 1385 965 attemptari.
1412 932 1491 957 Nulli
1508 940 1577 967 ergo
1598 933 1714 958 omnino
1735 933 1882 958 hominnm
1904 934 1991 958 liceat
2009 933 2086 957 hanc

1157 977 1291 1010 paginam
1309 981 1477 1001 nostrorum
1499 978 1670 1002 sublationis
1696 977 1882 1010 ademptionis
1903 978 2097 1003 constitutio—-

1157 1022 1216 1052 nis,
1243 1022 1347 1046 decreti
1370 1022 1573 1046 reservationis
1597 1025 1625 1047 et
1647 1022 1841 1046 concessionis
1860 1022 2016 1055 infringere
2036 1021 2085 1047 uel

1159 1066 1184 1090 ei
1200 1074 1270 1090 ausu
1285 1066 1434 1090 temerario
1450 1066 1601 1090 contraire.
1618 1065 1712 1097 Siquis
1730 1069 1826 1090 autem
1843 1065 1897 1090 hoc
1912 1069 2083 1099 attemptare

1157 1110 1362 1142 presumpserit
1389 1109 1617 1143 indignationem
1644 1110 1848 1143 omnipotentis
1875 1110 1917 1134 dei
1940 1114 1969 1134 et
1989 1110 2089 1135 beato-·

1158 1162 1220 1178 rum
1238 1154 1314 1178 Petri
1338 1156 1365 1178 et
1381 1153 1461 1177 Pauli
1480 1154 1677 1189 apostolorum
1694 1155 1752 1179 eius
1777 1162 1806 1179 se
1824 1155 1935 1179 noverit
1955 1154 2084 1179 incursu-

1159 1206 1230 1222 rum.
1258 1198 1362 1222 Datum
1381 1197 1470 1222 Rome
1487 1199 1559 1230 apud
1579 1201 1709 1222 sanctum
1727 1199 1844 1223 Petrum
1867 1206 1940 1222 anno
1955 1198 2088 1223 incarna-

1160 1242 1244 1266 tionis
1257 1242 1396 1266 dominiee
1409 1242 1560 1266 millesimo
1573 1242 1857 1275 quadringentesimo
1868 1242 2085 1276 quadragesimo

1160 1289 1261 1311 octavo
1294 1286 1378 1310 tertio
1410 1286 1549 1310 kalendas
1577 1285 1751 1318 Septembris
1781 1285 1966 1319 pontificatus
1993 1286 2085 1311 nostri

1159 1338 1233 1354 anno
1255 1330 1385 1354 secundo.
1976 1329 1979 1331 “

1556 1373 1651 1399 Gratis
1671 1374 1705 1399 de
1724 1374 1857 1399 mandato
1876 1375 1901 1399 d.
1919 1382 1948 1399 n.
1967 1382 2049 1407 pape.

1714 1418 1743 1443 F.
1764 1419 1796 1443 de
1816 1418 1920 1444 Laude-

169 1626 222 1653 83.
246 1623 351 1656 Kc'im'q
373 1618 556 1648 Friedrielcs
581 1615 776 1651 θεῐεὶίθνὶεβ
792 1615 851 1651 fair
873 1617 924 1644 die
947 1617 1148 1646 balzmisclnen
1165 1616 1418 1651 Abqeordneten.
1444 1615 1579 1654 (1443,
1600 1615 1759 1654 Auqasc.)
1782 1618 1875 1654 Reqq.
1898 1618 1958 1646 No.
1978 1618 2084 1648 2472.

238 1698 400 1723 Fridericus
422 1697 475 1719 etc.
496 1692 602 1717 Notum
623 1692 742 1716 facimus
759 1695 811 1717 etc.
832 1691 955 1717 instituit
975 1693 1009 1717 ad
1027 1701 1094 1725 pre-

170 1751 236 1769 sens
251 1740 506 1767 reverendissimus
525 1737 553 1761 in
572 1736 685 1760 Christo
700 1738 782 1768 pater
800 1737 907 1761 amicus
928 1740 1028 1762 noster
1049 1744 1094 1761 ca—

172 1788 299 1813 rissimus
320 1784 449 1809 dominus
466 1782 615 1806 [lohannes
634 1783 810 1804 sacrosancte
828 1781 956 1806 Romane
973 1782 1094 1806 ecclesie

172 1830 320 1857 cardinalis
338 1828 364 1853 S.
382 1827 485 1860 Angeli
505 1825 658 1858 apostolice
679 1825 754 1848 sedis
776 1824 888 1859 legatus
907 1833 920 1849 a
936 1826 1025 1850 latere
1046 1833 1095 1859 ge-

172 1875 297 1901 neralem
319 1873 421 1897 dietam
443 1878 526 1903 super
548 1870 620 1894 sesto
642 1869 732 1893 sancti
750 1868 842 1902 Egidii
864 1870 891 1893 in
911 1870 1024 1894 civitate
1043 1878 1094 1893 no-

173 1925 230 1945 stra
245 1916 409 1942 Wiennensi
426 1923 476 1948 per
492 1916 621 1939 nostram
638 1911 816 1937 maiestatem
835 1916 862 1938 et
882 1914 1049 1947 magnificos
1068 1916 1095 1938 et

172 1963 280 1988 nobiles
296 1962 432 1989 barones,
453 1959 557 1983 milites
575 1958 694 1982 clientes
711 1965 742 1982 ac
758 1957 940 1983 honorabiles
959 1961 987 1982 et
1005 1959 1095 1983 samo-

174 2017 220 2033 sos
233 2007 407 2039 I'ragensem
427 2006 591 2034 ceterasque
609 2002 826 2026 communitates
843 2002 932 2026 incliti
948 2003 1028 2036 regni
1042 2002 1095 2026 Bo-

173 2052 242 2077 emie
259 2059 308 2083 pro
325 2048 447 2073 iniendis
464 2050 562 2071 mutuo
581 2047 665 2070 certis
684 2046 851 2070 tractatibus
866 2046 972 2071 bonum
990 2050 1017 2072 et
1039 2047 1094 2071 uti-

174 2097 280 2120 litatem
303 2093 404 2126 prel'ati
426 2091 507 2125 regni
527 2094 553 2115 et
570 2090 780 2122 principatuum
797 2094 825 2114 et
840 2090 1028 2115 dominiorum
1046 2099 1096 2115 no-

174 2144 295 2164 strorum
313 2136 498 2169 tranquillum
513 2138 619 2159 statum
636 2135 876 2159 coneernentibus
886 2135 1095 2160 celebrandum.

176 2184 233 2208 Nos
249 2183 376 2207 volentes
396 2179 556 2212 hujusmodi
581 2179 701 2203 barones
716 2179 826 2203 nobiles
847 2180 1007 2212 terrigenas
1027 2179 1096 2204 Pra-

176 2229 270 2260 gensis
292 2231 317 2251 et
339 2227 455 2250 aliarum
477 2224 622 2248 ciuitatum
639 2227 666 2248 et
683 2224 919 2248 communitatum
937 2224 1051 2248 nuntios
1069 2228 1097 2249 et

177 2276 302 2295 oratores
327 2271 371 2301 qui
401 2278 431 2294 ex
460 2272 540 2301 parte
568 2268 670 2300 prefati
697 2268 786 2292 incliti
814 2270 894 2302 regni
923 2269 956 2293 ad
977 2269 1096 2293 eandem

177 2315 281 2339 dictam
306 2315 443 2338 accessuri
470 2315 537 2337 sunt
559 2313 653 2336 salvos
678 2312 796 2337 reddere
820 2315 848 2337 et
875 2321 990 2337 securos
1016 2316 1044 2338 et
1065 2317 1097 2338 ut

176 2358 252 2382 omni
272 2365 374 2389 pavore
394 2358 504 2381 secluso
528 2365 591 2381 cum
613 2357 688 2380 omni
711 2364 761 2381 sua
783 2355 888 2381 familia
906 2357 1000 2381 venire
1022 2359 1097 2382 stare

176 2407 204 2427 et
227 2401 319 2425 redire
340 2401 450 2434 possint
473 2404 500 2425 et
523 2402 650 2431 valeant,
678 2401 782 2425 eisdem
804 2401 935 2425 videlicet
956 2400 1049 2426 Vlrico
1070 2404 1099 2426 et

180 2445 312 2470 Heinrieo
332 2444 363 2468 de
377 2445 540 2477 Rosonberg
554 2445 720 2469 meinhardo
739 2446 771 2469 de
786 2444 866 2469 Nova
883 2445 966 2469 donno
982 2445 1097 2470 Alssoni

178 2491 210 2514 de
226 2488 386 2520 Sternberg
406 2487 528 2520 Georgio
547 2489 578 2512 de
594 2488 715 2513 lx'nnstat
737 2493 762 2513 et
784 2489 816 2513 de
839 2488 996 2514 Podiebrad
1011 2489 1092 2514 Nico-

177 2533 221 2557 lao
237 2536 264 2557 et
280 2532 331 2564 Su,
341 2532 426 2555 nkoni
442 2531 543 2563 Lepori
561 2532 593 2556 de
611 2532 795 2565 {instalum-gx,
814 2534 948 2567 Hynkoni
963 2534 1099 2559 Crussina

180 2578 211 2601 de
230 2577 383 2609 Swanberg
401 2575 524 2599 Jolmnni
547 2576 578 2600 ‹le
599 2577 766 2610 itysenberg
789 2581 816 2602 et
838 2579 870 2602 de
889 2579 990 2609 Rabie,
1010 2579 1099 2604 Hass-

179 2622 244 2645 koni
261 2621 295 2645 de
311 2619 507 2645 Wuldenstcin
525 2620 689 2645 Weneeslao
708 2622 740 2645 de
759 2622 953 2656 Michelsperg
973 2622 1098 2648 Johanni

1161 1692 1194 1716 de
1209 1691 1390 1722 Novadomo‚
1410 1692 1556 1717 Sdenkoni
1577 1692 1609 1716 de
1627 1692 1786 1727 Sternberg
1804 1692 1929 1717 Johanni
1950 1695 1979 1718 et
1996 1692 2086 1719 Hein-

1161 1737 1220 1761 rieo
1236 1736 1447 1761 de'Colowrath
1461 1736 1586 1761 Johanni
1604 1738 1632 1760 et
1643 1735 1778 1761 Heinrico
1794 1737 1828 1761 de
1839 1736 1935 1762 Strasz
1951 1737 2086 1763 Heinrieo

1161 1780 1194 1805 de
1212 1780 1401 1805 Michalowitz
1427 1781 1554 1805 Jobanni
1575 1781 1699 1805 Buriano
1720 1781 1752 1805 de
1773 1780 1944 1806 Gutenstein
1970 1781 2084 1807 Alssoni

1163 1825 1195 1849 de
1216 1825 1327 1859 Zeberg
1347 1826 1498 1850 wilhelmo
1519 1825 1551 1849 de
1569 1825 1714 1859 Eylburg,
1738 1825 1864 1850 Johanni
1889 1825 1921 1850 de
1942 1826 2084 1858 Smirzitz,

1162 1868 1280 1893 Nicolao
1295 1871 1327 1894 de
1344 1869 1439 1902 Lypa,
1460 1869 1625 1894 Przibikoni
1642 1870 1675 1894 de
1692 1869 1817 1894 Clenowi
1834 1870 1962 1896 Johanni
1980 1871 2014 1896 de
2031 1871 2086 1896 Sn-

1162 1913 1214 1937 titz
1230 1913 1370 1938 Bohussio
1386 1917 1413 1938 et
1429 1914 1576 1939 Zdenkoni
1592 1914 1624 1938 de
1639 1913 1790 1946 Postupitz
1806 1913 1914 1939 Jacobo
1928 1914 1964 1939 de
1973 1914 2088 1940 Wrzes—

1163 1959 1259 1982 sowitz
1276 1958 1472 1983 Dietrzichoni
1491 1958 1524 1982 de
1542 1957 1718 1991 Myletinka,
1737 1957 1857 1983 Nicolao
1872 1961 1901 1983 et
1913 1958 2040 1988 Johanni
2050 1959 2085 1984 de

1162 2001 1326 2026 Lobkowitz
1348 2002 1474 2027 Johanni
1497 2002 1531 2027 de
1552 2001 1691 2032 Militzin,
1718 2010 1771 2027 nec
1793 2010 1851 2027 non
1870 2003 2084 2028 honorabilibus

1163 2049 1191 2071 et
1210 2046 1395 2078 prudentibus
1407 2046 1560 2079 pragensis
1578 2054 1610 2071 ac
1628 2047 1745 2071 aliarum
1760 2047 1907 2071 civitatum
1925 2047 2086 2072 oratoribus

1163 2098 1195 2114 ac
1215 2090 1355 2114 universis
1377 2093 1406 2115 et
1426 2091 1547 2124 singulis
1569 2091 1632 2115 aliis
1653 2091 1795 2123 deputatis
1814 2093 1842 2115 et
1858 2099 1919 2116 non
1935 2091 2087 2123 deputatis,

1163 2134 1209 2167 qui
1229 2135 1259 2159 in
1279 2135 1410 2159 comitiva
1424 2134 1551 2167 ipsorum
1568 2135 1747 2166 advenerint,
1767 2143 1838 2166 quos
1856 2135 1900 2159 hic
1915 2135 2020 2160 habere
2036 2144 2087 2162 vo-

1163 2179 1256 2203 lumus
1281 2187 1333 2212 pro
1359 2180 1474 2204 insertis
1500 2182 1646 2211 tamquam
1671 2183 1769 2204 essent
1795 2180 1853 2204 suis
1881 2180 2004 2212 propriis
2029 2188 2082 2206 no-

1163 2224 1286 2248 minibus
1307 2223 1420 2250 inclusi.
1441 2226 1499 2248 tam
1519 2223 1716 2248 ecclesiasticis
1736 2231 1818 2255 quam
1835 2225 2009 2249 secularibus
2021 2233 2087 2258 per-

1164 2267 1241 2291 sonis
1258 2268 1449 2299 cuiuscunque
1464 2271 1555 2292 status
1566 2267 1735 2292 conditionis
1752 2275 1801 2292 sen
1817 2267 1964 2301 dignitatis
1980 2269 2088 2294 suerint

1163 2320 1226 2336 cum
1247 2312 1374 2337 omnibus
1396 2315 1424 2337 et
1444 2313 1565 2346 singulis
1593 2319 1691 2336 eorum
1711 2311 1828 2337 subditis
1854 2316 1883 2337 et
1903 2313 2087 2339 familiaribus

1164 2357 1193 2381 in
1212 2365 1311 2381 eorum
1332 2357 1462 2381 comitiva
1477 2357 1662 2382 existentibus
1679 2357 1850 2381 coniunctim
1868 2360 1895 2382 et
1913 2357 2024 2382 divisim
2039 2366 2088 2383 us-

1165 2409 1219 2433 que
1240 2401 1273 2425 ad
1292 2401 1369 2425 mille
1390 2409 1530 2434 equorum
1550 2404 1579 2426 et
1598 2399 1716 2425 totidem
1741 2408 1931 2433 personarum
1950 2402 1996 2426 vel
2014 2402 2088 2428 infra

1165 2445 1206 2470 uti
1226 2446 1371 2470 voluerint
1388 2450 1414 2470 et
1435 2446 1474 2470 eis
1492 2445 1646 2478 placuerit.
1674 2448 1804 2468 nostrum
1824 2445 1878 2468 salx
1887 2453 1935 2469 nm
1957 2449 1985 2470 et
2005 2454 2089 2472 secu·

1166 2497 1227 2514 rum
1255 2489 1365 2523 regium
1392 2490 1561 2514 conductum
1588 2497 1678 2521 nsque
1705 2489 1738 2513 ad
1767 2488 1872 2514 festum
1899 2490 1989 2514 sancti
2013 2489 2087 2515 Galli

1166 2533 1291 2566 proxime
1308 2537 1461 2558 venturum
1476 2532 1594 2558 firmiter
1612 2533 1780 2558 duraturum
1796 2536 1823 2558 et
1835 2532 2016 2559 securitatem
2026 2535 2088 2567 ple-

1166 2578 1311 2603 nissimam
1328 2578 1529 2603 inviolabiliter
1549 2578 1753 2602 observandam
1772 2577 1928 2602 liberaliter
1946 2578 2045 2603 damus
2060 2581 2089 2604 et

1167 2623 1344 2655 impertimur
1372 2630 1475 2655 eosque
1501 2630 1598 2648 omnes
1627 2626 1653 2647 et
1682 2621 1812 2656 singulos
1842 2621 1990 2648 afficiamus
2010 2630 2086 2648 asse-
