2209 2858
167 175 262 209 xxll

560 156 770 213 Anhang.
803 153 964 211 Ksnig
993 153 1240 197 Friedrich
1271 150 1359 196 IV.
1393 162 1502 203 1442,
1529 163 1614 206 July
1642 163 1700 196 12.

175 244 2050 269 W

162 314 293 338 contenta
314 319 368 335 non
389 310 539 334 debeamus
560 308 616 331 vllo
637 313 766 338 vmquam
793 307 920 337 tempore
939 311 1073 329 revocare

163 365 214 382 nec
235 357 336 380 debent
354 362 368 378 a.
389 353 492 378 nostris
513 351 719 376 successoribus
740 348 923 382 quovismodo
948 349 1073 373 revocari

163 402 209 426 sed
228 399 368 432 presentis
381 397 475 429 scripti
496 395 651 428 patrocinio
665 395 767 419 debent
782 394 990 426 imperpetuum
1010 400 1074 425 per-

161 446 260 469 durare
280 443 350 467 vnde
371 442 460 466 eciam
478 448 529 465 nos
546 447 674 472 expresse
693 439 823 462 saturnus
838 440 866 462 et
881 436 985 461 seriose
998 444 1072 461 com-

161 489 296 513 mittimus
316 486 439 519 predicte
470 482 576 509 civitati
602 486 697 507 nostre
717 481 820 515 regalis
841 480 912 505 sedis
932 480 1072 512 Aquensis

159 536 186 557 ct
207 532 330 557 eiusdem
354 530 458 554 nostris
486 528 591 552 civibus
619 525 753 559 predictis
780 526 877 558 vigore
896 525 1072 556 presentium

159 579 319 602 nostrarum
343 575 486 599 literarum
505 575 533 596 et
556 571 696 604 privilegii
717 573 748 594 ut
767 570 818 602 ipsi
837 569 927 594 nostri
947 569 1023 594 cives
1044 570 1073 594 iu

157 621 255 646 eadem
276 620 387 644 civitate
407 620 503 642 nostre
522 616 628 649 regalis
649 614 722 639 sedis
746 613 873 645 Aquensi
893 613 1072 638 concorditer

157 669 185 690 et
204 664 376 690 unanimiter
401 661 555 687 adinvicem
581 660 769 692 permaneant
794 660 905 682 nostras
925 657 1070 682 civitatem

159 712 185 735 et
205 709 331 742 regalem
352 708 445 732 sedem
471 705 612 738 predictas
639 711 669 728 ac
696 703 820 735 ipsarum
834 702 900 732 jura
919 702 1070 735 privilegia

157 757 185 779 et
205 753 309 777 indulta
331 760 344 776 a
364 751 575 783 quibuscunque
595 746 811 772 necessitatibus
832 745 942 777 injuriis
962 746 1070 770 violen-

156 799 201 823 tiis
222 800 249 822 et
270 796 418 821 insultibus
438 794 470 818 ad
491 794 627 817 honorem
648 793 675 815 et
694 791 845 814 utilitatem
866 789 1068 815 sacriRomani

156 841 263 874 imperii
290 838 465 865 defendendo
491 835 724 869 quemadmodum
750 834 838 858 eciam
866 833 934 865 ipsis
954 841 968 858 a
988 834 1068 858 nobis

157 890 184 911 et
204 894 218 910 a
237 884 388 910 recolende
404 881 537 907 memorie
556 880 625 905 divis
643 879 834 903 Romanorum
853 878 1069 910 imperatoribus

153 933 181 954 et
191 929 303 962 regibus
314 928 418 952 seriose
427 926 606 950 commissum
616 926 659 948 est
667 926 694 947 et
702 931 716 947 a
736 922 815 946 nobis
825 922 1029 950 confirmatum,
1040 924 1068 946 et

153 974 244 1006 siquis
252 974 412 997 nostrorum
423 970 655 1003 predecessorum
664 968 855 992 Romanorum
865 967 1067 999 imperatorum

152 1018 195 1042 vel
208 1024 306 1050 regum
318 1018 365 1040 aut
380 1014 466 1047 siquis
476 1012 558 1038 aliter
570 1012 645 1038 dedit
659 1012 705 1036 vel
722 1010 867 1035 concessit
880 1011 1006 1035 dedimus
1019 1012 1066 1036 vel

152 1061 342 1087 concessimus
363 1059 492 1083 daremus
510 1056 553 1081 vel
570 1055 787 1081 concederemus
804 1054 932 1086 cuiquam
949 1063 998 1079 seu
1016 1055 1064 1079 ali-

152 1107 252 1139 quibus
281 1105 388 1136 aliquas
408 1103 502 1127 literas
519 1101 583 1132 jura
607 1100 651 1124 vel
672 1099 820 1132 privilegia
847 1098 876 1122 in
894 1099 1065 1123 contrarium

150 1149 210 1175 istis
227 1152 255 1174 et
271 1150 368 1173 contra
379 1149 505 1171 tenorem
521 1144 661 1178 presentis
679 1144 781 1177 pagine
796 1143 894 1175 quavis
909 1143 1000 1175 specie
1019 1146 1066 1169 aut

151 1200 315 1226 quacunque
331 1192 482 1215 vcrbornszi
503 1190 592 1214 forma
609 1189 727 1221 scriptas
747 1190 795 1212 aut
812 1182 931 1212 vallatas
947 1190 1065 1220 propter

152 1237 394 1270 importunitatem
413 1234 571 1267 petentium
596 1233 649 1257 has
670 1234 698 1256 et
716 1231 769 1255 hec
789 1230 950 1265 specialiter
970 1234 998 1256 et
1016 1239 1064 1264 pe-

150 1284 225 1307 nitus
254 1281 451 1305 confirmamus
485 1280 513 1303 et
538 1284 704 1302 revocamus
731 1278 759 1300 et
782 1283 829 1300 eas
857 1283 887 1300 ac
907 1283 939 1300 ea
956 1276 1064 1301 nullam

149 1327 276 1351 volumus
297 1327 325 1349 et
343 1323 508 1348 mandamus
528 1322 634 1346 habere
652 1320 762 1345 roboris
782 1320 955 1351 firmitatem,
975 1321 1063 1345 eciam

150 1371 170 1395 si
191 1370 222 1395 de
243 1369 309 1401 ipsis
329 1367 420 1392 literis
441 1369 469 1391 et
490 1365 649 1399 privilegiis
671 1365 743 1389 sicut
761 1365 907 1396 prefertur
935 1365 1062 1390 fortassis

151 1416 178 1439 in
199 1413 372 1438 contrarium
383 1410 525 1435 concessis
546 1418 595 1434 seu
606 1409 722 1434 indultis
743 1409 775 1433 de
792 1409 877 1433 verbo
894 1408 928 1433 acl
947 1409 1063 1433 verbum

150 1459 179 1482 in
198 1456 356 1482 huiusmodi
384 1454 564 1480 revocatione
589 1461 639 1477 seu
660 1453 850 1477 infirmatione
870 1452 985 1478 deberet
1003 1452 1063 1478 fieri

148 1502 256 1527 mentio
272 1500 400 1532 specialis
416 1497 617 1523 consuetudine
638 1498 681 1522 vel
698 1497 730 1521 de
746 1496 811 1527 jure
826 1501 943 1530 propter
959 1498 1062 1522 bonum

149 1547 244 1580 itaque
271 1543 348 1576 pacis
374 1543 512 1567 honorem
540 1541 647 1574 imperii
675 1543 703 1566 et
728 1540 885 1575 profectum
912 1542 1015 1566 civium
1036 1546 1064 1567 et

150 1589 270 1614 civitatis
299 1590 396 1612 nostre
416 1587 519 1619 regalis
541 1586 614 1610 sedis
634 1585 775 1619 Aquensis
795 1593 846 1617 pro
866 1586 973 1610 sincera
993 1594 1062 1620 quo*

146 1642 201 1668 que
228 1632 377 1657 dilectione
403 1639 487 1664 quam
516 1630 548 1654 ad
577 1630 652 1662 ipsos
679 1630 754 1653 cives
775 1632 803 1654 et
821 1630 947 1662 regalem
969 1631 1063 1655 sedem

146 1678 308 1712 Aquensem
322 1675 409 1700 nostri
429 1674 642 1706 predecessores
658 1673 789 1697 habuisse
805 1677 962 1698 noscuntur
972 1675 1063 1699 etuti-

149 1730 203 1758 que
222 1728 273 1745 nos
290 1720 425 1744 habemus
446 1719 572 1751 ipsorum
586 1719 749 1742 nostrorum
767 1717 869 1742 civium
886 1717 1062 1752 Aquensium

150 1765 231 1791 iustis
257 1764 442 1798 petitionibus
471 1771 502 1787 ac
530 1762 657 1794 precibus
679 1762 736 1786 suis
757 1762 948 1787 favorabiliter
967 1765 996 1787 et
1014 1771 1063 1797 ge·

148 1816 249 1835 nor-ose
270 1810 437 1838 annuentes,
456 1814 572 1840 presens
592 1806 772 1839 privilegium
793 1808 821 1830 et
839 1806 933 1830 omnia
953 1807 981 1831 in
1000 1808 1063 1841 ipso

148 1855 280 1878 contenta
307 1852 339 1876 de
364 1852 470 1884 regalis
490 1850 694 1886 p1·ee1uinentie
715 1850 804 1882 gratia
825 1858 882 1874 non
902 1851 993 1875 solum
1013 1852 1063 1877 du-

146 1899 233 1922 ximus
253 1895 477 1920 conssrmandum
498 1894 547 1919 sed
561 1895 657 1927 potius
674 1894 886 1927 Indulgendum,
903 1897 1063 1920 statuentes

146 1940 344 1966 nichilominus
372 1942 400 1964 et
426 1938 516 1972 regali
538 1938 707 1969 sanxientes,
731 1938 822 1963 edicto
843 1943 873 1963 ut
892 1940 987 1964 nullus
1008 1940 1062 1965 dux

148 1986 243 2010 nullus
262 1983 386 2009 marchio
407 1983 503 2007 nullus
518 1990 611 2007 comcs
631 1983 709 2007 nulla
730 1983 848 2014 denique
865 1992 984 2016 persona
1006 1985 1062 2009 alta

148 2031 190 2054 vel
211 2028 324 2053 humilis
340 2027 529 2051 ecclesiastica
548 2027 592 2051 vel
609 2027 748 2051 mundana
762 2035 935 2061 quacunque
953 2029 1064 2063 fulgeat

148 2074 283 2105 dignitate.
304 2071 517 2097 vniuersitatem
537 2070 694 2102 predictam
720 2079 770 2096 seu
791 2070 867 2103 ipsos
894 2073 969 2096 cives
996 2081 1063 2098 con-

150 2121 192 2141 tra
219 2116 308 2141 nostri
332 2115 471 2147 presentis
499 2113 642 2147 privilegii
670 2117 798 2140 tenorem
825 2124 895 2140 ausu
914 2118 1063 2141 temerario

149 2161 304 2195 inquietare
329 2160 478 2184 molestare
495 2161 543 2182 aut
561 2159 725 2191 perturbere
745 2163 898 2192 presumat,
919 2161 995 2195 quod
1015 2162 1063 2196 qui

153 2314 202 2340 14.
225 2312 267 2340 K.
291 2311 466 2339 Friedrichs
481 2311 696 2348 Spruchbrief'
714 2313 811 2340 'wider
834 2314 895 2340 (len
904 2314 1104 2350 Freyyrafen

216 2386 275 2410 Wir
291 2384 418 2409 Fridrich
440 2388 491 2410 etc.
510 2387 663 2411 unkonnen
680 2389 731 2411 etc.
748 2387 795 2411 das
816 2388 860 2412 nst·
877 2388 951 2413 hewt
963 2389 1059 2413 datum

148 2428 221 2454 ‹lises
242 2429 329 2452 brivis
353 2427 397 2453 hie
421 2437 456 2453 zu
477 2429 649 2455 Franckfurt
676 2431 703 2455 in
725 2439 837 2456 vnserm
856 2432 1059 2466 kunigclichen

149 2473 198 2497 hos
213 2473 261 2497 der
279 2472 440 2503 wolgeborn
456 2473 592 2498 Wilhalm
608 2474 673 2499 herr
696 2483 730 2499 zu
747 2475 843 2500 Rottel
860 2478 1010 2510 marggraf
1025 2486 1060 2502 zu

148 2517 299 2549 Hochberg
315 2523 399 2540 vnser
417 2517 547 2549 lantvogt
563 2518 589 2541 in
605 2517 701 2542 Elsuss
719 2521 764 2543 rat
787 2520 841 2544 vml
857 2520 944 2546 lieber
961 2524 1059 2555 getru-

148 2568 203 2584 wcr
218 2568 252 2584 an
268 2567 351 2584 vnser
368 2561 423 2584 stat
439 2560 494 2583 rnd
504 2560 530 2583 in
546 2569 656 2585 vnserm
672 2570 773 2586 namen
790 2564 831 2587 als
847 2565 1059 2590 vnserconmis-

149 2602 201 2628 nari
221 2603 271 2630 mit
289 2603 336 2628 des
353 2603 650 2637 hernacbgeschriben
661 2606 828 2640 erwirdigen
839 2608 919 2633 edeln
933 2616 1061 2634 ersamen

1139 302 1194 327 hoc
1222 304 1314 328 facere
1342 302 1549 335 presumpserit
1576 303 1672 326 nostre
1698 302 1875 328 celsitudinis
1903 306 1931 328 et
1951 303 2058 335 imperii

1140 348 1211 372 sacri
1231 348 1461 382 indignacionem
1488 345 1683 380 gravissimam
1710 348 1738 370 et
1755 355 1858 378 penam
1877 348 2060 373 tricentarum

1140 392 1276 416 librarum
1304 390 1364 416 auri
1392 391 1454 424 puri
1475 398 1595 425 quarum
1617 391 1731 415 terciam
1751 394 1861 424 partem
1880 399 1989 417 camere
2008 400 2059 416 no?

1139 438 1197 460 stre
1225 436 1314 470 regali
1343 436 1467 470 reliquas
1495 443 1559 459 vero
1593 435 1661 459 duas
1688 437 1783 466 partes
1808 437 1900 468 passis
1926 436 2058 467 injuriam

1138 481 1270 514 applicari
1291 481 1421 505 volumus
1443 482 1470 504 et
1489 479 1655 504 mandamns
1677 487 1704 503 se
1726 480 1837 504 noverit
1857 479 2060 506 irremissibili-

1137 528 1181 549 ter
1201 526 1387 555 incursurum,
1400 525 1437 549 ita
1457 525 1532 558 quod
1552 524 1603 556 ipsi
1625 522 1700 547 cives
1710 523 1857 557 Aquenses
1877 528 1906 550 et
1927 525 1973 558 qui
1992 532 2058 558 pas-

1137 571 1160 594 si
1181 569 1340 594 huiusmodi
1360 569 1489 593 iniuriam
1510 569 1618 593 suerint
1638 568 1802 592 huiusmodi
1824 575 1924 600 penam
1945 571 1977 593 ut
1994 576 2060 601 pre-

1136 614 1229 640 fertur
1248 616 1455 645 competentem
1476 615 1504 638 et
1523 612 1702 637 commissam
1713 614 1851 644 poterunt
1870 614 1898 637 et
1915 612 2060 637 debebunt

1136 658 1276 683 divertere
1296 660 1324 682 et
1343 658 1486 690 applicare
1507 657 1538 681 ad
1555 664 1654 681 manus
1675 657 1878 691 cuiuscumque
1890 655 1992 687 judicis
2009 663 2059 681 seu

1135 702 1259 727 hominis
1287 701 1469 726 ecclesiastici
1499 704 1547 726 aut
1574 701 1710 726 secularis
1736 701 1776 725 eis
1803 701 1860 734 apti
1882 701 1910 725 in
1929 703 1993 726 toto
2012 701 2058 726 vel

1135 747 1163 772 in
1190 748 1271 779 parte
1299 746 1332 771 ad
1358 746 1559 770 refrenandum
1588 745 1709 770 rebelles
1737 747 1766 770 et
1791 745 1996 778 premissorum
2016 745 2059 769 in-

1135 792 1270 816 fractores
1291 791 1545 826 quocienscunque
1566 791 1605 814 eis
1625 789 1765 822 placuerit
1787 793 1815 814 et
1834 789 1920 814 suerit
1940 792 2056 822 oportu-

1133 844 1210 867 num7
1229 838 1258 860 et
1278 836 1438 870 cuicunque
1465 842 1513 859 seu
1534 835 1752 869 quibuscunque
1772 833 1935 859 huiusmodi
1954 841 2057 866 penam

1132 880 1199 905 dare
1225 880 1402 905 decreverint
1430 879 1471 903 illi
1500 887 1550 903 seu
1578 879 1634 903 illis
1654 886 1705 911 per
1732 881 1893 911 presentem
1918 878 2055 912 paginam

1132 926 1331 950 auctoritatem
1350 923 1504 956 plenariam
1526 923 1625 947 damus
1646 925 1675 947 et
1699 923 1887 951 concedimus,
1906 922 2055 946 huiusmo-

1132 969 1157 993 ‹li
1184 969 1306 993 rebelles
1334 970 1361 992 et
1388 968 1554 992 infractores
1580 967 1734 991 invadendi
1763 966 1914 999 impetendi
1942 969 2056 999 pertur-

1131 1013 1217 1038 bandi
1247 1014 1275 1037 et
1300 1013 1342 1037 eis
1373 1012 1495 1037 nocendi
1521 1012 1550 1036 in
1577 1011 1634 1035 suis
1663 1011 1830 1043 corporibus
1859 1006 1943 1045 atque
1969 1010 2054 1035 rebus

1131 1058 1295 1092 ubicunque
1316 1057 1442 1081 locorum
1465 1056 1516 1088 ipsi
1537 1057 1586 1079 aut
1604 1055 1677 1079 bona
1692 1062 1741 1080 sua
1761 1055 1868 1087 reperti
1888 1055 1993 1079 fuerint
2007 1057 2055 1078 aut

1129 1104 1247 1134 reperta
1266 1103 1313 1126 aut
1335 1102 1473 1135 integram
1495 1102 1523 1124 et
1537 1100 1703 1132 completam·
1722 1099 1929 1124 assecutionem
1949 1101 1977 1123 et
1990 1106 2053 1131 per-

1128 1145 1304 1170 solucionem
1332 1153 1405 1177 pene
1433 1144 1556 1177 predicte
1586 1144 1638 1176 ipsi
1677 1146 1771 1168 autem
1801 1143 1870 1176 ipsis
1896 1142 1961 1168 date
1989 1143 2052 1167 abs-

1131 1197 1186 1224 que
1211 1192 1307 1214 tamen
1331 1188 1441 1213 offensa
1470 1188 1674 1221 impedimento
1698 1195 1748 1212 seu
1769 1186 1993 1211 contradictione
2009 1185 2055 1217 ju-

1129 1233 1196 1258 dicis
1223 1236 1272 1258 aut
1296 1232 1419 1257 hominis
1447 1233 1661 1266 cuiuscumque.
1687 1231 1873 1256 Presentibus
1894 1231 2051 1255 reverendo

1129 1278 1232 1302 illustri
1257 1276 1465 1301 venerabilibus
1493 1275 1653 1309 magnificis
1681 1278 1709 1300 et
1736 1275 1876 1300 nobilibus
1897 1275 2004 1300 nostris
2025 1278 2053 1300 et

1130 1321 1239 1354 imperii
1266 1322 1338 1346 sacri
1366 1320 1542 1354 principibus
1571 1318 1741 1344 electoribus
1762 1319 1945 1352 optimatibus
1965 1318 2053 1343 {ideli-

1129 1366 1239 1400 busque
1268 1365 1378 1390 dilectis
1406 1364 1514 1389 Jacobo
1542 1364 1755 1397 archiepiscopo
1782 1362 1952 1388 Treverensi
1982 1362 2054 1386 sacri

1129 1410 1249 1435 Romani
1270 1409 1380 1442 imperii
1409 1416 1459 1441 per
1480 1408 1602 1433 Galliam
1632 1411 1660 1433 et
1679 1416 1801 1442 regnum
1819 1406 1990 1432 Arelatense
2010 1414 2054 1431 ar-

1128 1454 1346 1478 chicancellario
1372 1461 1424 1478 nec
1452 1461 1509 1478 non
1537 1453 1697 1486 augustalis
1725 1454 1824 1476 nostre
1846 1451 1923 1476 curie
1943 1451 2052 1476 cancel-

1129 1499 1207 1529 lario⁷
1232 1494 1376 1521 Friderico
1402 1497 1567 1522 marchione
1594 1495 1867 1529 Brandenburgensi
1897 1498 1996 1520 nostro
2025 1496 2053 1520 et

1128 1543 1194 1567 dicti
1213 1542 1323 1574 imperii
1343 1542 1413 1566 sacri
1433 1541 1675 1571 archicamerario,
1695 1540 1841 1565 Friderico
1863 1539 2051 1572 Batisponen-

1129 1586 1166 1611 sis
1176 1588 1203 1611 et
1211 1585 1343 1610 Johanne
1352 1585 1506 1610 Gurrensis
1516 1585 1704 1610 ecclesiarum
1715 1582 1862 1616 episcopis,
1873 1583 2007 1609 Heinrico
2018 1583 2052 1608 de

1129 1629 1317 1663 Swarezpurg
1337 1629 1449 1654 domiuo
1469 1629 1502 1654 de
1511 1628 1667 1654 Arnsteten
1678 1631 1706 1654 et
1722 1627 1951 1658 Sandershusen‚
1965 1627 2051 1652 Hein-

1128 1674 1186 1699 rico
1207 1675 1240 1699 de
1259 1673 1402 1698 Montsort
1422 1676 1450 1698 et
1462 1673 1630 1698 Beruhardo
1645 1673 1678 1697 de
1691 1671 1886 1706 Schawuberg
1902 1671 2051 1696 comitibus

1129 1718 1250 1751 Caspare
1260 1718 1373 1742 domiuo
1381 1716 1453 1742 Novi
1463 1718 1546 1743 castri
1558 1720 1699 1742 terrarum
1708 1716 1789 1750 Egre
1801 1718 1830 1741 et
1841 1715 1934 1740 Cubiti
1943 1715 2051 1749 burgkr

1129 1763 1235 1797 gravio,
1249 1762 1384 1787 Johanne
1394 1762 1427 1787 de
1441 1761 1600 1796 Neytperg‚
1614 1760 1722 1786 Jacobo
1740 1760 1903 1794 Trugsesso
1919 1759 1952 1784 de
1962 1758 2052 1784 Walt-

1129 1810 1296 1841 purgatque
1307 1806 1431 1839 Georgio
1441 1806 1535 1831 Fuchs
1556 1806 1632 1831 curie
1652 1808 1750 1830 nostre
1769 1804 1935 1829 marescallo
1955 1802 2053 1828 militi-

1127 1853 1180 1877 bus
1207 1851 1392 1884 pluribusque
1419 1851 1480 1875 aliis
1506 1850 1659 1883 fidedignis
1685 1848 1863 1882 presentium
1882 1848 1934 1872 sub
1953 1851 2053 1872 nostre

1127 1895 1282 1927 majestatis
1302 1895 1396 1927 sigillo
1416 1894 1578 1920 testimonio
1598 1895 1754 1919 literarum.

1197 1940 1301 1964 Datum
1321 1939 1493 1972 Aquisgrani
1514 1946 1587 1963 anno
1608 1938 1713 1963 domini
1737 1939 1790 1963 ete.
1811 1936 1868 1968 xlij.
1897 1935 2052 1961 indictione

1129 1985 1228 2017 quiuta
1254 1982 1297 2007 die
1323 1983 1456 2008 vicesima
1490 1983 1581 2015 prima
1614 1983 1721 2008 mensis
1749 1982 1828 2006 Junii
1853 1981 1935 2014 regni
1960 1980 2051 2005 nostri

1130 2037 1203 2054 anno
1224 2028 1320 2053 tercio.

1428 2080 1468 2104 Ad
1489 2080 1651 2106 mandatum
1671 2078 1776 2105 domini
1797 2078 1882 2112 Regis

1333 2125 1487 2149 l{einri‹·us
1507 2124 1639 2159 Leubing
1658 2125 1756 2149 doctor
1774 2121 2015 2156 prothonotarius.

1126 2321 1187 2342 von
1197 2314 1494 2349 Bruninqskausen.
1517 2312 1622 2351 1442,
1636 2312 1712 2349 July
1723 2313 1774 2341 12.
1798 2313 1891 2347 Reqq.
1902 2313 1959 2342 No.
1971 2314 2047 2342 677.

1125 2393 1263 2423 sti-engen
1279 2390 1335 2415 vnd
1360 2390 1453 2415 sesten
1470 2396 1575 2415 vnsern
1593 2387 1705 2412 siirsten
1720 2386 1800 2412 reten
1817 2387 1871 2412 vnd
1891 2387 1982 2413 lichen
2000 2396 2050 2422 ge-

1125 2437 1215 2458 trewn
1233 2442 1267 2458 zu
1284 2434 1413 2467 gerichte
1428 2441 1565 2469 gesessen
1590 2433 1627 2457 ist
1648 2432 1704 2456 vnd
1722 2432 1773 2456 daz
1797 2431 1843 2456 sur
1866 2431 1894 2456 in
1917 2439 2000 2464 quam
2019 2433 2047 2456 in

1126 2477 1234 2511 gericht
1251 2477 1302 2502 der
1318 2477 1542 2511 burgermeister
1566 2478 1611 2500 rat
1638 2476 1692 2500 vnd
1712 2476 1817 2509 bnrger
1838 2476 2048 2509 gemeinlichen

1126 2523 1175 2546 der
1190 2524 1247 2546 stat
1262 2529 1296 2546 zu
1313 2522 1484 2554 X'Virtzpurg
1503 2528 1587 2545 vnser
1610 2520 1665 2545 vnd
1681 2520 1729 2544 des
1747 2520 1822 2544 richs
1839 2520 1934 2545 lieben
1951 2522 2048 2554 getru-

1126 2574 1187 2590 wen
1202 2565 1371 2590 bottschass't
1386 2566 1439 2590 vnd
1456 2565 1573 2589 brachte
1592 2563 1638 2589 sur
1654 2564 1706 2589 mit
1723 2564 1921 2596 sursprechen,
1937 2565 1987 2589 wie
1999 2564 2046 2590 das

1126 2610 1175 2635 wir
1190 2610 1355 2635 Dict'richcn
1374 2610 1502 2643 Phluger
1518 2609 1684 2644 sreygrefen
1703 2617 1737 2633 zu
1756 2608 1974 2642 Brunigshusen
1996 2617 2046 2640 ge-
