2209 2858
162 137 256 179 262

565 134 628 177 K.
660 134 978 178 Friedrich
1008 134 1097 178 IV.
1140 145 1199 180 113.
1221 146 1441 191 May-13.
1466 146 1552 190 σαι]
1580 146 1691 180 1449.

160 261 228 285 Nru.

161 324 227 347 2560*

157 402 225 427 2563

156 485 224 507 :¹570

295 251 386 281 1449.

250 295 438 308 ΨΑ..

278 323 343 356 May
372 326 412 349 112.

284 416 348 420 ——-
360 403 399 428 19.

274 480 346 514 dun)
372 482 396 505 ὲ),

271 1245 387 1269 —15.

269 1322 386 1348 ·—-17.

271 1463 338 1469 -—
349 1451 389 1475 18.

271 1572 388 1597 ——18.

267 1703 384 1726 —18.

268 2284 333 2289 -·——
344 2272 384 2296 30.

346 2535 387 2560 13.

482 325 629 351 lNeustadt.
696 325 813 350 befiehlt
835 327 943 351 seinem
957 326 1113 351 Amtmann
1126 333 1162 350 zu
1171 324 1337 352 Gmunden.
1357 323 1543 350 ‹lenililoster
1554 324 1777 350 Traunkimhen
1793 334 1828 351 zu
1845 326 1901 351 den
1910 326 2075 357 jiihrlichen

764 368 799 393 30
813 368 906 393 Pfund
922 368 1079 393 Fudersalz
1096 367 1169 392 noch
1184 367 1219 391 30
1235 375 1269 391 zu
1286 368 1389 400 geben.
1677 366 1782 394 Kirchl,
1796 367 1921 402 Topogr.
1932 368 2075 394 XIXBOS.

522 418 587 422 --
696 409 830 444 lnesffitigt
846 411 901 435 alle
916 409 1090 445 Privilegien
1111 410 1168 434 und
1182 409 1356 442 Frcyheiten
1376 410 1425 434 des
1441 409 1680 434 Frauenklosters
1694 408 1921 434 Traunkirchen.

1656 450 1765 478 Kirchl.
1783 451 1905 484 Topngr.
1925 450 1998 478 xlv,
2016 452 2075 476 262.

508 488 600 513 “rffst'b
658 501 661 528 1
694 495 829 528 bestiitigt
850 495 913 520 dem
930 495 1217 528 Augustinerkloster
1242 502 1277 518 zu
1293 494 1427 520 waldsee
1451 495 1487 518 im
1513 493 1645 518 nisthum
1660 494 1803 518 Constanz
1822 494 1906 518 einen
1922 494 2075 519 inserirten

761 537 1017 572 Privilegienbrief
1028 536 1061 562 K.
1076 536 1239 561 Friedrichs
1252 535 1274 561 Ι.
1288 544 1352 561 vom
1367 536 1392 561 J.
1409 538 1486 562 1181.
1506 536 1571 561 Dat.
1589 536 1670 561 Vlme
1685 535 1732 561 IV.
1749 535 1814 560 ldus
1832 534 1910 566 Maji.

845 581 1009 605 „-.Noverint
1024 586 1103 600 omnes
1121 580 1212 606 imperii
1227 585 1249 603 n,
1266 579 1354 599 fideles.
1371 579 1434 601 Quod
1449 587 1490 601 nos
1507 581 1533 600 de
1550 579 1689 606 parrochiali
1707 579 1807 599 ecclesia
1821 580 1844 599 iu
1865 578 1959 599 Walsee
1973 579 2068 599 fecimus

784 620 821 641 „et
837 620 973 638 conventum
991 618 1089 637 fratrum
1103 617 1130 636 de
1148 616 1230 643 regula
1250 615 1274 636 S·
1289 615 1412 643 Augustini
1432 617 1514 637 ibidem
1539 616 1701 636 constituimus
1724 622 1772 635 cum
1794 616 1835 635 hac
1849 616 1967 643 libertate,
1982 618 2008 636 ut
2022 622 2074 636 cum

784 656 915 677 „vacaverit
930 655 1077 680 prepositura
1091 653 1181 679 plenam
1195 653 1281 672 fratres
1296 655 1435 678 potestatem
1452 653 1551 672 habeant
1563 652 1663 678 eligendi
1678 653 1821 678 prepositum
1838 652 1885 672 Deo
1902 654 1924 672 et
1939 651 2072 672 hominibus

783 692 984 717 „complacentem,
998 691 1083 710 factum
1099 692 1136 710 est
1149 690 1216 709 etiam
1233 688 1330 708 consilio
1347 692 1369 708 et
1385 695 1500 709 coiisensu
1517 689 1640 708 Hermanni
1658 688 1847 708 Constantiensis
1867 689 1986 715 episcopi,
2009 689 2069 715 quod

782 729 930 753 „prepositus
948 727 992 747 loci
1012 727 1075 747 illius
1092 728 1113 746 et
1131 726 1217 746 subditi
1235 726 1272 745 sui
1293 725 1355 745 nulla
1377 726 1507 746 obedientia
1520 728 1543 745 et
1558 726 1701 749 subjectione
1726 728 1849 744 teneantur
1863 725 2031 744 archidiaconis
2048 728 2070 745 et

782 764 905 788 „decanis‚
922 764 962 783 sed
986 766 1073 783 tantum
1091 763 1141 782 suis
1162 762 1269 781 obediant
1290 763 1412 788 episcopis.
1430 762 1564 788 Prepositus
1580 763 1752 788 preposituram
1769 761 1796 780 de
1810 767 1879 781 manu
1894 762 1959 782 ducis
1977 760 2066 782 Suevo-

781 805 845 823 „rum
861 801 972 826 recipiat,
986 806 1027 819 nec
1042 800 1111 820 ullam
1126 799 1208 819 haheat
1223 800 1384 824 potetestatem
1401 799 1459 819 bona
1480 799 1578 819 ecclesie
1597 799 1658 818 illius
1674 798 1790 818 alienandi
1807 797 1843 817 vel
1858 798 1991 824 obligandi,
2006 798 2068 824 quod

781 837 815 859 „si
830 837 926 861 fecerit,
944 837 967 855 in
982 837 1070 855 irritum
1093 837 1225 856 reducatur.
1241 835 1292 855 Dux
1310 833 1439 855 suevorum
1461 838 1483 855 et
1499 836 1633 861 prepositus
1649 835 1746 854 ecclesie
1761 835 1834 860 ipsum
1849 834 1923 854 locurn
1939 837 1961 854 et
1976 835 2037 854 boun
2051 835 2071 854 ei

780 873 919 895 „attinentia
934 875 1098 892 manuteneant
1114 874 1136 892 et
1153 872 1286 896 defendant,
1303 873 1355 891 item
1371 872 1391 891 si
1405 871 1568 891 ministeriales
1582 872 1688 896 corporis
1709 873 1730 890 et
1748 872 1818 890 animi
1836 874 1954 897 compotes
1970 871 2066 893 fuerint,

780 912 817 932 „et
833 910 912 936 predia
928 915 971 929 sua
984 909 1020 928 vel
1035 915 1072 928 res
1089 909 1183 928 mobiles
1199 909 1271 928 eidem
1287 909 1410 928 conventui
1427 908 1562 928 contradere
1578 908 1702 932 voluerint,
1718 908 1810 927 licentia
1826 910 1908 928 nostra
1922 907 2068 928 concedimus

778 948 815 969 „et
831 947 992 966 cointii-mamus
1010 947 1053 965 nisi
1078 944 1138 965 forte
1154 945 1239 971 prolem
1255 945 1388 971 legittimam
1409 944 1522 968 habeant,
1546 945 1598 963 item
1619 944 1768 964 censualibus
1791 944 1873 963 liberis
1894 946 1917 964 et
1938 943 2068 964 hominibus

779 984 960 1009 „cuiuscumque
976 982 1116 1002 conditionis
1129 981 1170 1001 hoc
1187 982 1267 1002 damus
1284 981 1446 1007 privilegium,
1464 983 1489 1001 ut
1502 981 1580 1001 nullus
1596 980 1710 1001 hominum
1726 986 1774 1003 eos,
1797 981 1836 1006 qui
1856 981 1884 1000 nd
1907 981 1980 1007 ipsum
1994 980 2069 1000 locum

778 1021 910 1045 „pertinent
927 1020 1016 1039 nomine
1031 1017 1134 1038 beneficii
1155 1018 1270 1037 vendicet.
1286 1017 1396 1037 Volumus
1417 1018 1493 1043 etiam⁷
1505 1011 1534 1037 'ut
1554 1017 1716 1037 ministeriales
1728 1011 1794 1036 'hanc
1808 1017 1907 1036 habeant
1920 1019 2070 1042 potestatem,

778 1058 819 1078 „ut
835 1057 972 1081 ubicumque
996 1055 1096 1074 obierint
1112 1058 1134 1074 er
1156 1054 1300 1080 sepulturam
1314 1055 1453 1079 expetierint
1473 1055 1496 1074 in
1511 1055 1589 1074 eadem
1607 1053 1719 1074 ecclessia
1740 1054 1789 1074 sine
1804 1053 1987 1074 contradictione
2005 1053 2062 1073 obti—

778 1094 871 1115 „neanh
888 1090 970 1111 Notum
985 1092 1053 1112 etiam
1070 1097 1122 1111 esse
1138 1091 1258 1112 volumus,
1279 1092 1340 1117 quud
1356 1091 1521 1110 ministeriales
1536 1091 1562 1111 de
1583 1089 1677 1110 Walsee
1698 1091 1727 1111 ad
1743 1091 1850 1111 ducatum
1866 1090 1983 1116 pertinent
1997 1092 2020 1109 et
2035 1089 2064 1109 de

778 1129 921 1151 „conditione
941 1129 978 1148 sui
994 1128 1055 1152 juris
1070 1127 1127 1148 nulli
1142 1127 1187 1147 nisi
1207 1127 1258 1147 duci
1274 1126 1401 1147 Suevorum
1418 1128 1558 1153 respondere
1576 1127 1667 1147 debent.
1688 1127 1745 1147 Item
1760 1128 1893 1151 statuimus,
1907 1126 1969 1153 quod
1984 1131 2065 1152 prepo-

777 1166 853 1188 „situs
862 1165 964 1189 ejusdem
979 1164 1023 1184 loci
1037 1170 1078 1184 nec
1096 1165 1136 1188 jus
1152 1170 1193 1184 nec
1202 1166 1340 1189 potestatem
1356 1164 1440 1183 habeat
1454 1169 1491 1184 res
1507 1166 1529 1183 et
1543 1165 1604 1184 bona
1619 1164 1716 1184 ecclesie
1730 1163 1873 1184 distrahendi
1888 1163 1977 1184 nomine
1987 1164 2071 1189 pigno-

774 1203 822 1225 „ris
840 1202 875 1222 vel
890 1202 994 1221 beneficii
1010 1201 1045 1221 vel
1062 1201 1225 1221 venditionis”.
1242 1213 1249 1219 .
1265 1214 1271 1220 .
1293 1199 1368 1223 (Fona
1381 1199 1410 1219 50
1424 1200 1497 1220 librae
1511 1200 1583 1223 auri.)
1973 1198 1999 1220 0.
2015 1197 2068 1220 282.

509 1260 577 1265 —
680 1243 820 1278 bestiitigt
836 1244 880 1269 die
901 1251 959 1268 von
980 1242 1078 1277 Georg
1097 1250 1155 1267 ron
1168 1241 1356 1267 Herberstein
1374 1241 1445 1267 iiber
1465 1241 1514 1267 das
1536 1249 1593 1266 von
1612 1241 1671 1266 ihm
1695 1242 1859 1266 verwaltete
1872 1240 2018 1276 Pfiegamt.
2031 1249 2068 1266 zu

752 1285 975 1311 Stiichsenstein
996 1285 1149 1319 abgelegte
1168 1283 1341 1317 Rechnung.
1446 1282 1577 1308 Kumar⁷s
1594 1282 1700 1308 Gesch.
1715 1292 1741 1309 v.
1756 1283 1940 1309 Herberstein
1953 1283 1989 1309 11.
2007 1285 2067 1310 115.

511 1338 576 1343 —
682 1328 815 1353 schliesst
830 1328 880 1353 mit
894 1328 958 1354 dem
974 1327 1071 1361 Georg
1085 1335 1142 1352 von
1158 1325 1346 1352 Herberstein
1361 1325 1524 1360 Rechnung
1540 1326 1588 1357 ab,
1609 1325 1680 1350 iiber
1700 1325 1748 1350 das
1766 1333 1823 1350 von
1838 1325 2003 1351 demselben
2015 1334 2067 1351 zur

753 1369 816 1395 Zeit
839 1371 932 1395 sciner
950 1369 1094 1403 lii-onung
1118 1369 1278 1394 versehenc
1299 1367 1607 1394 Kiichenmeisteramt.

1438 1409 1568 1435 Kumar's
1585 1409 1687 1435 Geseh.
1708 1418 1734 1434 v.
1749 1409 1944 1436 Herberstein.
1957 1410 1993 1435 11.
2009 1411 2068 1436 116.

504 1452 583 1478 Rom.
682 1454 771 1487 Pnpst
783 1453 918 1479 Nicotaus
935 1454 967 1479 V.
982 1453 1086 1478 erliisst
1101 1454 1162 1479 eine
1179 1452 1277 1484 Bulle,
1301 1452 1436 1478 wodurch
1460 1452 1515 1476 alle
1539 1460 1591 1477 zur
1607 1451 1671 1477 Zeit
1691 1451 1739 1476 des
1761 1451 1893 1478 Schisma
1915 1461 1968 1478 von
1985 1453 2068 1478 ihren

752 1496 902 1521 Pt'riinden
916 1498 1058 1520 entsetzte
1074 1495 1222 1520 Personen
1237 1493 1380 1520 retistuirt
1396 1494 1518 1519 werden.

834 1539 905 1566 incip.
921 1554 927 1560 .
944 1553 950 1559 .
967 1538 1001 1563 „A
1017 1540 1082 1565 pacis
1098 1539 1216 1559 auctore¹¹.
1232 1552 1239 1558 .
1255 1553 1262 1559 .
1387 1537 1488 1564 Ahgedr.
1502 1537 1523 1557 b.
1539 1536 1623 1561 Mansi,
1640 1537 1744 1556 collectio
1761 1543 1820 1557 nova
1834 1538 1914 1557 concil.
1932 1537 1958 1558 V.
1974 1544 1997 1564 p.
2011 1536 2062 1558 281.

509 1587 574 1591 —-
680 1574 782 1600 erliisst
795 1574 858 1600 eine
874 1575 973 1606 Bulle,
995 1574 1129 1599 wodurch
1145 1574 1240 1607 einige
1257 1573 1450 1607 Handluugcn
1470 1571 1519 1597 des
1541 1571 1678 1597 friiheren
1695 1572 1913 1607 Gcgenpapstes
1932 1572 2012 1598 Felix
2031 1573 2064 1598 V.

755 1616 925 1650 (Amadeus)
952 1617 1098 1650 appi-obirt
1111 1616 1232 1640 werden.

833 1661 903 1687 lncip.
919 1660 962 1684 „Vt
975 1661 1038 1686 pacis
1053 1666 1099 1686 qna
1114 1659 1182 1679 nichil
1196 1659 1372 1679 desiderabilius
1389 1672 1395 1679 .
1412 1672 1418 1678 .
1435 1672 1442 1679 .
1686 1656 1786 1683 Abgetlr.
1800 1658 1822 1677 b.
1837 1658 1913 1679 Mansi
1928 1658 1958 1679 V.
1977 1666 1998 1686 p.
2012 1658 2064 1680 2711.

508 1719 573 1723 —
680 1702 784 1728 erliisst
798 1702 861 1728 eine
875 1703 973 1733 Bulle,
990 1701 1125 1727 wodurch
1140 1702 1195 1726 alle
1209 1700 1413 1734 Erkliirungen
1428 1707 1523 1734 gegen
1541 1699 1591 1724 das
1606 1698 1767 1725 Concilium
1781 1707 1838 1725 von
1853 1700 1937 1726 Busel
1953 1709 1979 1728 u.
1995 1709 2017 1726 s.
2031 1709 2063 1726 w.

749 1745 1034 1779 zuriickgenommen
1049 1744 1173 1769 werden.
1929 1772 1934 1779 1

832 1802 844 1812 ‚,
855 1788 951 1808 -Motu
967 1789 1060 1814 proprio
1076 1791 1098 1807 et
1113 1793 1140 1807 ex
1156 1789 1221 1806 certa
1239 1790 1320 1807 nostra
1334 1787 1448 1810 scientia,
1467 1792 1493 1806 ac
1507 1786 1533 1806 de
1552 1786 1616 1806 sedis
1631 1786 1758 1812 apostolice
1774 1787 1897 1812 potestatis
1912 1787 2063 1812 plenitudine,

773 1832 829 1849 „nec
851 1831 896 1845 non
920 1825 947 1844 de
970 1824 1136 1844 venerabilium
1156 1823 1255 1843 fratrum
1276 1825 1409 1843 nostrorum
1432 1825 1511 1843 sancte
1532 1821 1633 1843 Romane
1650 1823 1747 1842 ecclesie
1764 1824 1914 1843 cardinalium
1929 1823 2026 1844 consilio
2041 1828 2064 1844 et

772 1867 889 1886 „assensn
904 1861 1047 1880 decernimus
1062 1862 1084 1880 et
1099 1860 1244 1880 declaramus
1264 1860 1317 1883 (has
1335 1860 1464 1880 sententias
1475 1861 1496 1879 et
1505 1859 1628 1883 censuras]
1646 1858 1733 1879 nullum
1749 1860 1853 1879 effectum
1868 1860 1960 1886 penitus
1975 1861 2063 1884 sortiri.

773 1899 829 1922 „sed
844 1898 937 1924 perinde
953 1897 1030 1917 haberi
1045 1897 1136 1920 debere„
1153 1903 1178 1916 ac
1193 1897 1213 1916 si
1228 1896 1363 1916 nullatenus
1379 1897 1522 1919 emanasent,
1539 1901 1612 1921 eaque
1628 1897 1705 1915 omnia
1721 1899 1743 1916 et
1758 1896 1850 1923 singula
1866 1902 1916 1916 cum
1932 1897 1982 1916 inde
1997 1902 2064 1917 secu—

645 1932 647 1953 !
774 1937 835 1959 „tls‚
853 1936 879 1954 de
892 1933 999 1960 registris
1015 1934 1088 1959 ipsius
1102 1932 1199 1959 Eugenii
1219 1933 1393 1960 predecessoris
1417 1938 1443 1952 ac
1459 1932 1546 1952 nostris
1568 1936 1590 1951 et
1605 1932 1662 1951 locis
1685 1932 1737 1952 aliis
1753 1934 1923 1959 quibusumque
1936 1933 2024 1953 aboleri
2039 1935 2062 1953 et

773 1971 860 1995 „deleri
874 1971 1009 1990 mandantes
1024 1971 1113 1989 omnino
1130 1969 1240 1995 tollimus,
1255 1975 1378 1996 cassamus
1392 1969 1510 1989 irritamus
1527 1971 1549 1989 et
1563 1969 1709 1989 annullamus
1726 1975 1752 1988 ac
1766 1975 1807 1995 pro
1824 1969 1914 1989 infectis
1931 1969 2058 1989 hnberivo-

772 2007 861 2030 „tumus
877 2010 898 2026 et
913 2006 1080 2030 nichilominus,
1099 2007 1119 2028 si
1137 2009 1159 2026 et
1172 2007 1192 2026 in
1209 2009 1319 2032 quantum
1336 2011 1394 2031 opus
1408 2008 1471 2025 esset
1485 2005 1514 2025 ad
1529 2005 1698 2025 habundantem
1713 2006 1835 2030 cautelam,
1851 2006 1956 2033 singulas
1972 2011 1999 2025 ex
2012 2011 2064 2031 per-v

772 2045 852 2066 „sonis
868 2044 968 2063 dominia
982 2044 1136 2063 comunitates
1159 2043 1324 2062 universitates
1340 2043 1444 2062 civitates
1466 2043 1533 2068 opida
1548 2045 1617 2068 atque
1635 2042 1686 2062 loca
1705 2043 1851 2068 supi-adimas
1874 2045 1896 2062 et
1921 2041 2062 2068 supradicta,

772 2080 814 2102 „ad
829 2080 911 2099 famam
927 2080 1051 2106 dignitates
1068 2080 1168 2100 honores
1182 2081 1259 2099 status
1277 2082 1299 2099 et
1313 2079 1434 2105 privilegia
1449 2081 1565 2104 quatenus
1581 2079 1626 2098 illis
1641 2079 1719 2098 eadem
1734 2080 1858 2098 occasione
1874 2079 1965 2104 privato
1979 2080 2001 2097 et
2017 2078 2065 2103 pri.

773 2118 841 2139 „vate
862 2117 966 2142 pretendi
977 2118 1082 2142 possent,
1098 2117 1119 2135 in
1134 2118 1219 2136 statum
1235 2116 1357 2142 pristinum
1373 2118 1394 2135 et
1409 2115 1508 2135 debitum
1525 2116 1670 2135 restituimus
1687 2118 1709 2135 et
1724 2116 1892 2142 reintegramus
1906 2114 2009 2141 plenarie
2023 2120 2063 2140 per

772 2156 908 2179 „presentes
923 2155 986 2173 motu
1001 2153 1099 2172 scientia
1113 2155 1135 2172 et
1150 2152 1292 2179 plenitudiue
1306 2152 1440 2177 potestatis,
1455 2158 1480 2171 ac
1495 2152 1594 2172 consilio
1607 2155 1629 2172 et
1642 2158 1743 2172 assensu
1758 2152 1903 2172 antedictis‘¹.
1924 2163 1929 2168 -
1947 2162 1954 2168 ·

867 2189 968 2216 Abgedr.
992 2190 1026 2213 (b.
1048 2189 1136 2212 Lahbe)
1164 2188 1244 2208 concil.
1262 2187 1321 2214 XJll.
1341 2188 1418 2211 [Paris
1434 2186 1501 2211 1672)
1521 2195 1543 2214 p.
1558 2186 1624 2208 1347.
1647 2187 1696 2208 Alle
1710 2186 1724 2208 3
1738 2188 1820 2208 Bullen
1835 2189 1857 2207 in
1873 2188 1944 2207 einem
1959 2186 2061 2207 Vidimus

866 2226 924 2246 auch
939 2226 968 2245 im
983 2226 1034 2252 geli.
1048 2225 1184 2246 H.-Archiv.
1201 2232 1222 2245 v.
1232 2224 1315 2244 Muller
1330 2223 1519 2250 Reichstags-Th.
1537 2224 1553 2244 1.
1563 2223 1614 2245 367.
1631 2224 1682 2251 Vgl.
1696 2224 1812 2250 D‘Achery
1828 2224 1903 2250 spicil.
1919 2223 1958 2243 111.
1972 2221 2022 2244 777-

468 2278 490 2297 ln
509 2278 612 2304 numm„
678 2267 711 2292 Κ.
732 2267 802 2293 Karl
826 2276 882 2292 von
901 2267 1080 2292 Frankreich
1102 2267 1240 2300 hestiitigt
1258 2266 1307 2290 das
1329 2266 1417 2290 durch
1432 2265 1636 2301 Abgenrdnete
1656 2266 1896 2301 abgeschlossene
1914 2265 2059 2290 Biindniss

447 2309 516 2327 ⁵⁰⁵⁵S'·
540 2308 633 2329 Leonis.
747 2310 800 2335 mit
820 2309 934 2343 Herzog
958 2308 1099 2343 Sigmund
1121 2317 1178 2334 von
1201 2308 1394 2335 cesten-reich.

1235 2358 1261 2375 v.
1278 2349 1462 2376 Urkundenb.
1480 2350 1549 2377 Mat.
1572 2351 1593 2376 Ι.
1615 2350 1665 2375 Bd.
1688 2349 1771 2374 CXL.
1794 2349 1866 2387 Gph.
1883 2349 2058 2374 H.-Ar‹:hiv.

473 2404 505 2428 111
523 2408 615 2430 castro
679 2400 796 2434 Herzog
811 2400 928 2426 Johann
945 2409 1002 2425 ron
1019 2399 1104 2426 cleve
1127 2399 1242 2433 (Comes
1261 2399 1295 2424 dc
1309 2398 1421 2431 Mai-ka)
1442 2399 1678 2432 bevollmiichtigt
1691 2399 1745 2423 den
1762 2398 1878 2423 Johann
1894 2406 1950 2423 von
1963 2397 2061 2424 Arkcn

490 2440 587 2464 Ulixis.
754 2442 928 2474 (Canonicus
944 2443 1062 2467 ecclesie
1078 2441 1108 2468 S.
1122 2441 1236 2467 Martini
1254 2442 1447 2466 Emhricensie
1463 2441 1654 2466 Traiectcnsis
1672 2440 1819 2473 diocesis),
1838 2449 1902 2465 vom
1916 2440 1948 2465 Κ.
1964 2439 2058 2465 Fried-

747 2485 808 2510 rich
824 2493 859 2510 an
875 2483 970 2509 seiner
986 2483 1062 2510 Statt
1080 2485 1135 2509 alle
1151 2484 1229 2509 scine
1246 2483 1345 2508 Lehen
1361 2492 1396 2508 zu
1410 2484 1593 2517 empt'angen.
1798 2483 1869 2508 Goh.
1884 2482 2061 2508 H.-Archiv.

478 2533 601 2560 Lcohen.
680 2534 710 2558 Κ.
727 2532 876 2559 Friedrich
891 2533 962 2558 liisst
976 2534 1065 2558 durch
1080 2533 1157 2558 seine
1172 2532 1264 2558 Riithe
1279 2533 1422 2558 zwischen
1438 2533 1501 2558 dem
1516 2533 1690 2566 resignirtcn
1706 2532 1810 2566 Propst
1826 2532 1873 2556 (les
1885 2530 2049 2556 Chorherrn

748 2576 842 2600 stil'tes
857 2575 951 2601 Vorau
973 2576 1031 2600 und
1048 2576 1110 2600 dem
1128 2575 1295 2600 wirklinhen
1316 2574 1468 2607 (Andreas)
1491 2574 1552 2599 eine
1573 2574 1801 2599 Uehereinkunn
1824 2582 1875 2599 zur
1892 2573 2064 2607 Beylegnng

749 2617 826 2642 ihrer
842 2617 1062 2652 Streitigkeiten
1077 2617 1280 2643 absclniessen.
1773 2626 1775 2629 ⁴

2190 400 2201 423 .=,-‹
2186 259 2203 397 aumas-a
2186 199 2203 254 ’νβ
2189 182 2199 196 .›
2183 145 2201 178 ³⁴0:ss
2180 42 2204 141 53¹2*ss
2173 0 2202 37 «ἦ

2191 588 2202 596 -’
2192 483 2204 575 θἈ-ῥγ-
2193 447 2203 471 ‘l

2197 1648 2206 1658 ;
2192 1566 2206 1636 ’.ἱ-ιθ.

2189 1664 2206 1702 tf

2188 1705 2209 1742 Ἰἱ,

2192 1748 2202 1775 ,2
