2235 2859
454 145 664 202 Anhang.
697 141 858 198 Konig
888 137 1134 181 Friedrich
1164 136 1246 181 lV.
1284 147 1397 186 1412,
1425 149 1520 193 Juny
1548 147 1608 180 21.

1890 147 1970 179 xix

56 227 1968 263 *ΕΙ-μ*

62 298 238 333 imperatoris
265 297 382 322 talleam
410 296 454 320 vel
475 295 604 329 precaria
625 302 674 318 seu
694 292 854 318 exactiones
873 291 902 315 in
919 298 982 323 pre-

63 345 149 369 dictos
170 343 243 367 cives
264 341 410 373 Aquenses
430 348 480 365 seu
500 341 528 365 in
554 339 663 370 aliquos
684 338 717 362 ad
737 344 785 361 cos
804 336 982 368 pertinentes

62 389 153 413 facere
178 390 325 422 presumat
351 393 404 410 nec
432 392 478 408 eos
506 384 540 409 ad
571 382 675 414 aliquid
702 381 825 405 dandum
850 380 911 412 regi
938 379 982 403 vel

63 433 224 464 imperatori
246 434 294 456 aut
316 430 401 455 alicui
423 429 504 454 alteri
526 427 680 459 compellat
699 425 752 449 nisi
774 427 909 456 quantum
930 423 982 455 ipsi

64 477 96 503 de
116 476 188 500 bona
209 483 257 499 sua
277 474 416 499 voluerint
435 473 527 497 facere
549 473 577 496 et
597 471 663 495 dare
684 470 846 495 voluntate:
866 475 982 492 renora—

65 527 127 544 mus
155 520 240 544 etiam
269 519 307 543 eis
335 521 363 543 et
391 517 588 543 confirmamus
609 522 639 539 ac
659 515 691 538 de
711 522 784 538 novo
806 513 983 537 concedimus

67 563 224 588 districtius
245 563 407 588 inhibentes
417 569 452 586 ne
473 560 573 592 aliquis
594 559 674 583 iudex
689 558 917 591 Aquisgranivel
938 566 984 581 us-

65 615 146 639 quam
167 608 231 632 alibi
252 616 266 632 a
285 608 366 632 nobis
393 607 439 631 vel
460 605 492 630 ab
513 605 607 636 aliquo
628 603 683 628 alio
703 606 800 627 nostro
821 609 984 625 successore

66 659 115 676 seu
135 652 275 684 aliquibus
296 651 358 676 aliis
385 649 490 674 nostris
512 647 723 673 successoribus
744 646 919 670 constitutus
940 646 984 670 vel

66 695 283 721 constituendus
309 703 359 720 seu
385 693 482 726 quevis
511 692 565 717 alia
584 699 707 724 persona
728 690 919 715 ecclesiastica
940 691 984 715 vel

66 740 207 764 mundana
232 740 287 764 alta
314 739 359 763 vel
384 737 499 762 humilis
527 736 693 761 auctoritate
721 735 765 759 vel
784 734 984 766 jurisdictione

68 786 166 809 nostra
187 787 235 809 aut
255 782 573 813 alter-iuscuiuscunque
589 788 638 805 seu
659 780 779 804 aliorum
788 787 986 811 quorumcum-

69 836 123 860 que
147 829 191 853 vel
221 834 394 860 quacumque
422 826 545 860 fungens
566 825 733 850 auctoritate
755 824 783 848 in
805 823 984 848 accusatione

69 873 113 897 vel
134 873 242 897 actione
261 871 434 903 impetitione
455 878 504 895 seu
524 869 729 902 provocatione
750 869 836 893 duelli
859 868 915 892 sive
936 875 983 899 pa-

69 916 107 941 cis
126 923 215 948 usque
233 915 366 948 procedat
393 916 442 940 aut
467 914 620 946 procedere
641 913 819 948 quemppiam
840 912 985 944 permittat

70 960 193 992 aliquem
220 959 308 984 civem
334 958 494 991 Aquensern
515 958 549 983 ad
574 965 702 990 campum
729 957 854 981 duellum
882 963 930 980 seu
953 956 986 980 ad

68 1011 166 1036 pacem
175 1003 355 1035 provocando
375 1010 467 1035 neque
487 1003 521 1027 ad
542 1002 655 1034 aliquod
676 1001 751 1026 aliud
762 1008 919 1034 grauamen
938 1000 988 1024 ali-

74 1047 153 1072 cuius
173 1047 242 1072 civis
252 1047 393 1079 Aquensis
414 1055 464 1072 seu
484 1047 601 1071 alterius
622 1046 655 1071 ad
675 1046 751 1078 ipsos
766 1045 839 1070 cives
860 1047 888 1069 et
907 1052 988 1077 rega-

70 1093 124 1116 lem
151 1091 247 1117 sedem
273 1091 392 1116 civitatis
412 1091 551 1124 Aquensis
577 1091 760 1123 pertinentes
786 1089 920 1122 procedat
940 1091 989 1113 aut

68 1135 183 1170 procedi
209 1139 355 1169 presumat
379 1136 525 1168 permittat
544 1136 589 1160 vel
609 1136 749 1167 procuret
767 1134 820 1158 nisi
843 1135 928 1165 prout
948 1134 988 1158 eis

72 1180 221 1204 dictaverit
248 1180 321 1204 iusta
348 1180 488 1205 sententia
509 1179 688 1204 scabinorum
704 1177 877 1210 Aquensium
897 1180 925 1202 et
945 1178 990 1209 qui

70 1225 98 1248 in
118 1224 292 1249 contrarium
313 1225 415 1249 fecerit
426 1224 574 1255 quidquam
594 1223 648 1248 hoc
658 1224 719 1255 ipso
736 1222 801 1253 jure
821 1222 859 1246 sit
878 1223 990 1247 irritum

73 1271 101 1293 et
120 1269 211 1299 inane,
232 1272 263 1293 ut
289 1269 316 1292 in
335 1269 412 1292 nullo
433 1268 534 1291 civium
554 1267 727 1299 Aquensium
748 1266 864 1291 libertas
884 1266 992 1298 aliqua-

76 1316 159 1336 tenus
179 1312 334 1337 mutiletur.
355 1312 485 1336 Ceterum
496 1311 570 1344 quod
590 1311 641 1343 ipsi
658 1310 732 1335 cives
744 1309 891 1342 Aquenses
904 1311 991 1335 male-

73 1356 140 1381 ficos
161 1357 325 1388 bispiliones
346 1356 500 1380 homicidas
527 1357 651 1380 latrones
672 1357 802 1387 raptores
823 1354 990 1387 spoliatores

75 1399 262 1425 incendiarios
283 1409 313 1425 a«,
334 1407 429 1424 omnes
447 1400 516 1424 alios
538 1402 565 1424 et
585 1398 904 1431 singulosiniuriatores
926 1406 992 1422 suos

75 1447 102 1469 et
122 1452 219 1470 eorum
239 1445 388 1477 complices
409 1446 436 1469 et
452 1444 620 1468 adherentes
639 1441 825 1476 singulariter
845 1445 873 1467 et
893 1443 991 1475 singu-

75 1490 115 1513 los
137 1489 164 1513 in
180 1488 284 1519 judicio
294 1491 391 1512 nostro
411 1488 498 1521 regali
511 1487 632 1520 Aquensi
652 1495 703 1520 per
714 1486 836 1518 judicem
851 1495 901 1519 pro
922 1488 991 1510 tem-

73 1540 141 1564 pore
165 1532 272 1563 judicio
293 1532 412 1556 seculari
432 1532 535 1556 ibidem
555 1531 744 1565 presidentem
766 1531 810 1554 cui
831 1538 918 1563 super
938 1530 991 1554 hoc

72 1577 236 1601 auctoritate
255 1577 344 1610 regali
364 1577 461 1601 nostra
470 1584 521 1608 per
540 1578 702 1608 presentem
722 1575 855 1609 paginam
866 1576 991 1599 bannum

73 1620 253 1645 attribuimus
271 1621 462 1654 etplenariam
477 1623 505 1645 et
515 1620 706 1644 omnimodam
715 1619 896 1644 concedimus
909 1619 991 1644 911111-

72 1672 133 1689 111115
155 1665 317 1689 facultatem
336 1665 443 1697 pariter
464 1667 493 1689 et
511 1666 683 1697 potestatem
704 1662 836 1694 quotiens
858 1665 886 1687 et
903 1671 991 1694 quan—

73 1709 108 1733 do
135 1709 221 1733 suerit
239 1709 431 1733 necessarium
460 1711 488 1732 et
507 1710 680 1740 oportunum
701 1709 730 1731 et
749 1707 815 1731 dum
836 1706 909 1731 idem
928 1714 991 1739 pre—

76 1752 164 1777 dictos
185 1753 259 1777 cives
279 1751 424 1784 Aquenses
445 1760 494 1776 seu
515 1760 612 1776 eorum
632 1752 833 1785 magistratum
853 1751 886 1775 ad
906 1750 931 1774 id
952 1751 991 1775 sa*

75 1796 204 1821 ciendum
222 1796 308 1821 fuerit
326 1795 479 1828 requisitus
500 1797 532 1820 ad
545 1803 673 1828 campum
695 1802 743 1819 seu
754 1795 860 1819 bellum
880 1795 991 1827 possint

75 1843 103 1864 et
117 1840 237 1865 debeant
249 1839 422 1870 judicialiter
438 1838 587 1872 provocari
601 1847 631 1864 ac
647 1839 690 1864 die
708 1842 736 1864 et
751 1842 878 1871 tempore
892 1839 990 1863 adhoc

76 1884 220 1909 consuetis
237 1887 265 1908 et
279 1883 380 1908 debitis
397 1884 589 1916 expirantibus
606 1886 634 1907 et
645 1883 777 1915 expiratis
795 1883 816 1906 si
828 1883 990 1907 huiusmodi

74 1928 255 1953 iniuriatores
276 1930 304 1952 et
322 1928 440 1953 malefici
462 1927 615 1961 supradicti
634 1936 691 1952 non
711 1926 922 1959 comparuerint
938 1934 990 1951 nec

75 1972 223 1997 emendam
249 1972 416 2007 condignam
442 1974 570 2005 prestare
590 1972 753 1996 curaverint
772 1978 786 1995 a
806 1969 863 1995 suis
884 1970 991 1995 honore

74 2020 151 2042 statu
177 2024 207 2041 ac
229 2016 293 2047 jure
321 2016 410 2049 patrie
437 2024 553 2048 prorsus
577 2016 682 2048 privari
702 2019 730 2040 et
748 2023 798 2048 per
818 2015 991 2040 sententiam

74 2061 255 2086 scabinorum
276 2060 445 2092 aquensium
465 2061 577 2094 exleges
603 2058 787 2094 pronunciari
806 2058 945 2091 proscribi
964 2061 992 2083 et

76 2105 224 2138 procellari
251 2107 336 2138 prout
355 2104 383 2129 in
403 2104 506 2129 talibus
527 2104 629 2128 ibidem
648 2104 786 2129 haetenus
805 2104 861 2128 suit
880 2110 910 2127 ac
931 2103 990 2128 fieri

77 2151 122 2174 est
138 2151 306 2173 consuetum
333 2149 371 2173 ita
391 2149 464 2180 quod
484 2148 643 2172 huiusmodi
662 2148 814 2181 proscripti
834 2151 862 2173 et
881 2148 991 2180 procel-

76 2194 124 2218 lati
145 2193 172 2217 in
191 2193 264 2217 dicto
284 2195 382 2217 nostro
399 2191 505 2223 judit-io
526 2192 615 2226 regali
635 2192 758 2224 Aquensi
778 2193 839 2225 ipso
856 2192 921 2223 jure
941 2199 992 2224 per

77 2240 167 2263 totum
187 2238 345 2262 Romanum
374 2237 522 2270 imperium
544 2237 578 2261 ab
599 2238 665 2261 ortu
683 2236 750 2261 solis
769 2244 859 2269 usque
878 2236 912 2260 ad
933 2236 991 2260 eius

77 2289 208 2306 occasum
229 2289 324 2314 ymmo
350 2281 378 2305 in
406 2281 526 2315 singulis
552 2281 648 2305 mundi
674 2281 766 2314 plagis
786 2280 843 2306 sint
861 2284 890 2306 et
909 2283 993 2304 erunt

79 2326 221 2358 perpetuis
249 2326 424 2358 temporibus
445 2325 599 2358 proscripti
619 2328 646 2349 et
665 2325 810 2357 percellati
830 2327 859 2349 et
878 2325 992 2358 exleges

81 2370 259 2402 pronunciati
287 2377 316 2393 ac
344 2371 401 2394 suis
427 2370 535 2394 honore
556 2372 631 2394 statu
647 2369 714 2400 jure
733 2369 824 2401 patrie
844 2369 946 2401 privati
966 2371 994 2392 et

80 2421 131 2445 pro
151 2414 252 2439 talibus
273 2414 391 2439 ubilibet
410 2414 590 2439 habebuntur
617 2421 648 2438 ac
667 2414 739 2438 tenti
760 2417 844 2438 erunt
864 2416 891 2437 et
910 2420 994 2444 repu—

79 2457 139 2487 tati,
165 2457 186 2481 si
213 2465 279 2482 vero
300 2458 381 2483 iudex
402 2459 580 2482 scabinorum
599 2456 777 2490 Aquensium
796 2465 846 2489 pro
866 2459 994 2489 tempore

81 2502 203 2526 existens
223 2509 306 2534 super
325 2501 486 2526 huiusmodi
498 2503 697 2535 provocatione
719 2509 768 2525 seu
788 2501 995 2533 proscriptione

81 2549 107 2570 et
125 2545 326 2577 procellatione
343 2547 468 2571 facienda
483 2547 575 2580 gratia
594 2553 678 2578 prece
694 2544 786 2577 pretio
798 2545 995 2577 impedimento

81 2590 145 2615 odio
165 2589 262 2614 favore
282 2591 326 2615 vel
340 2591 441 2617 timore
462 2594 510 2616 aut
520 2591 574 2617 alio
595 2590 791 2623 quoquomodo
812 2597 840 2616 se
851 2589 997 2615 difficilem

1049 290 1204 315 reddiderit
1231 291 1259 314 et
1279 295 1345 321 sepe
1365 287 1543 312 subtrahet-it
1562 287 1716 318 quominus
1737 286 1895 311 huiusmodi
1918 295 1975 310 1113ἶ

1050 334 1123 359 lefici
1141 337 1169 359 et
1182 333 1361 358 iniuriatores
1375 339 1529 363 omnesque
1550 331 1595 355 alii
1614 331 1801 363 suprascripti
1824 332 1971 362 proxocari

1049 379 1189 414 proscribi
1210 382 1239 403 et
1257 377 1406 410 percellari
1428 377 1543 408 possent
1564 378 1692 407 tempore
1714 376 1747 399 ad
1766 376 1817 399 hoc
1838 375 1934 398 debito
1949 379 1973 397 ee

1050 426 1185 449 consveto
1212 423 1324 448 labente
1353 423 1406 446 hoc
1427 421 1606 452 aliquatenus
1627 428 1684 443 non
1707 420 1842 451 impediat
1865 419 1890 443 in
1913 427 1961 451 pre

1051 469 1143 493 missis
1171 469 1198 492 in
1225 468 1316 499 aliquo
1337 465 1457 490 obstabit
1479 466 1545 497 quin
1566 465 1641 488 omni
1664 466 1792 495 tempore
1816 465 1885 496 ipsis
1907 463 1974 486 visi,-

1050 513 1232 545 Aquensibus
1255 514 1320 543 apto
1342 509 1471 542 quamdiu
1492 509 1652 533 huiusmodi
1673 507 1790 532 malefici
1813 511 1840 532 ot
1862 507 1977 531 iniuria*

1050 560 1127 582 tores
1155 556 1246 588 ipsum
1272 555 1394 588 spolium
1415 553 1585 578 maleficium
1606 555 1635 577 et
1654 552 1786 577 iniuriam
1805 551 1975 576 retinuerint

1052 604 1080 626 et
1100 602 1157 625 suis
1177 600 1273 624 vsibus
1292 598 1445 623 τοι-11131111
1467 598 1574 621 suerint
1589 597 1733 629 applicare
1754 599 1782 620 et
1802 603 1864 619 cmn
1882 603 1976 619 emen*

1051 646 1085 670 da
1107 644 1250 677 condigna
1267 643 1323 667 tale
1343 644 1403 667 fore
1424 643 1528 667 sactum
1550 644 1577 666 et
1598 640 1729 671 injuriam
1753 642 1916 664 restaurare
1937 639 1973 671 ipr

1052 697 1098 713 sos
1118 687 1262 712 maleficos
1282 687 1464 711 iniuriatores
1485 690 1513 710 et
1530 686 1599 710 alios
1619 684 1759 717 predic-tos
1775 690 1928 716 provocare
1950 685 1979 706 rt

1051 732 1205 766 percellare
1222 733 1355 763 poterunt
1371 733 1399 755 et
1414 730 1558 754 debebunt
1574 732 1601 753 et
1619 728 1821 752 nichilominus
1839 727 1977 758 premissa

1051 777 1187 802 effectum
1213 776 1336 800 debitum
1364 775 1519 799 sortientur
1545 774 1565 797 si
1597 773 1712 806 singulo
1732 775 1858 803 tempore
1879 771 1975 795 debito

1052 824 1080 846 et
1108 824 1244 845 consueto
1273 821 1326 844 rite
1354 822 1382 844 et
1409 819 1537 852 legitime
1567 818 1664 842 forent
1690 819 1805 849 peracta
1832 817 1869 840 ita
1891 816 1975 839 etiam

1053 865 1126 898 quod
1154 872 1251 889 omnes
1277 866 1304 888 et
1332 862 1437 896 singuli
1465 863 1661 893 cuiuscunque
1691 860 1862 885 conditionis
1884 862 1976 883 status

1051 910 1198 943 dignitatis
1217 908 1424 941 preeminentie
1444 915 1492 931 seu
1512 906 1695 939 prerogative
1715 905 1837 929 existant
1865 904 1910 935 qui
1932 904 1971 935 111ἶ

1054 963 1100 979 sos
1129 953 1272 978 maleficos
1298 954 1326 977 et
1352 952 1532 977 iniuriatores
1554 951 1695 982 predictos
1716 952 1764 974 aut
1785 957 1881 973 eorum
1902 956 1976 972 come

1053 999 1142 1031 plices
1164 1005 1213 1022 seu
1234 997 1355 1029 spolium
1376 998 1404 1020 et
1423 996 1542 1020 inuriam
1564 993 1727 1019 huiusmodi
1749 993 1777 1017 1η
1798 994 1854 1017 suis
1876 992 1977 1016 castris

1054 1043 1099 1068 vel
1127 1041 1329 1067 munitionibus
1357 1040 1505 1064 tenuerint
1539 1047 1587 1064 seu
1614 1040 1710 1063 t'oxere
1740 1040 1765 1061 ct
1792 1040 1890 1060 tenere
1920 1044 1978 1059 non

1054 1087 1280 1111 formidaverunt
1299 1085 1458 1117 quiz-unque
1479 1085 1518 1109 illi
1540 1085 1606 1107 sunt
1631 1084 1782 1114 postquam
1799 1080 1898 1104 monili
1919 1079 1977 1103 fue*

1051 1132 1109 1156 rint
1134 1139 1190 1155 una
1216 1131 1276 1155 sola
1301 1130 1361 1153 viee
1382 1137 1432 1161 pro
1454 1131 1534 1161 parte
1555 1127 1658 1151 civium
1677 1124 1854 1157 Aquensium
1875 1124 1896 1147 si
1918 1131 1975 1147 non

1055 1175 1217 1201 destiterint
1236 1174 1309 1199 infra
1326 1173 1483 1205 quindecim
1501 1172 1559 1196 dies
1582 1172 1684 1195 dictam
1704 1166 1889 1193 monitionem
1910 1175 1975 1191 ron-

1056 1222 1135 1244 tiuuo
1163 1222 1189 1243 et
1215 1219 1374 1242 immediate
1402 1218 1609 1248 subsequentes
1638 1217 1776 1245 tanquam
1805 1215 1923 1242 agentes
1951 1215 1979 1235 et

1055 1264 1266 1289 consentientes
1287 1271 1337 1287 seu
1356 1264 1540 1294 cooperantes
1561 1260 1646 1284 talem
1669 1258 1800 1282 iniuriam
1821 1264 1869 1280 seu
1890 1256 1977 1279 male-

1057 1309 1153 1332 ficium
1178 1307 1239 1339 pari
1265 1313 1337 1338 pena
1364 1305 1571 1338 proscriptione
1599 1305 1627 1327 et
1650 1301 1757 1332 judicio
1783 1303 1815 1325 ut
1835 1301 1979 1332 prefertur

1057 1361 1119 1377 cum
1139 1351 1206 1384 ipsis
1226 1349 1359 1374 maleficis
1373 1352 1401 1373 et
1417 1347 1630 1373 iniuriatoribus
1648 1345 1780 1378 predictis
1796 1344 1981 1376 proscriben-

1058 1400 1105 1422 tur
1124 1394 1354 1428 percellebantur
1376 1395 1404 1417 et
1424 1394 1537 1425 exleges
1558 1399 1588 1415 ac
1609 1390 1761 1422 proscripti
1782 1391 1809 1412 et
1825 1388 1981 1420 111-(1131111115

1058 1441 1162 1466 debent
1187 1438 1367 1471 pronunciari
1397 1445 1468 1469 quos
1489 1439 1516 1460 ct
1537 1443 1587 1459 nos
1610 1436 1637 1459 111
1658 1434 1711 1467 hys
1733 1433 1846 1464 scriptis
1868 1432 1982 1463 exleges

1059 1488 1087 1510 et
1106 1482 1281 1517 proscriptos
1308 1490 1322 1506 a
1349 1481 1406 1505 suis
1437 1481 1544 1505 honore
1567 1482 1641 1504 statu
1663 1481 1690 1503 et
1706 1478 1769 1509 jure
1790 1475 1879 1509 patrie
1900 1483 1981 1507 quam

1058 1529 1219 1554 inhabitant
1237 1527 1363 1560 privatos
1383 1528 1409 1550 et
1428 1524 1578 1550 destitutos
1606 1523 1746 1557 legittime
1769 1524 1933 1553 reputamus
1955 1523 1983 1542 et

1056 1573 1277 1606 pronunciamus
1299 1572 1326 1595 et
1345 1570 1462 1594 ubilibet
1480 1578 1531 1601 pro
1554 1568 1657 1593 talibus
1679 1567 1712 1591 ab
1729 1565 1859 1590 omnibus
1880 1564 1983 1588 debent

1056 1617 1181 1650 reputari
1202 1619 1229 1640 et
1249 1615 1338 1640 teneri
1359 1622 1390 1639 ac
1418 1612 1619 1645 pronunciari·
1633 1611 1800 1636 mandantes
1821 1608 1981 1632 nichilmnr

1057 1670 1109 1686 nus
1128 1669 1180 1693 per
1198 1662 1360 1692 presentem
1382 1658 1513 1691 paginam
1534 1655 1688 1681 districtius
1716 1655 1901 1688 iniungentes
1922 1651 1981 1675 vni—

1056 1705 1146 1731 uersis
1173 1708 1202 1729 et
1229 1704 1349 1737 singulis
1371 1702 1512 1733 judicibus
1539 1704 1567 1725 et
1594 1699 1729 1724 officiatis
1759 1706 1774 1722 a
1795 1698 1876 1722 nobis
1898 1697 1943 1720 vel
1964 1705 1979 1720 a

1056 1749 1163 1774 nostris
1183 1747 1394 1773 successoribus
1411 1749 1437 1771 et
1453 1754 1468 1771 a
1483 1751 1660 1778 quocumque
1682 1743 1736 1768 alio
1755 1751 1805 1775 per
1822 1744 1912 1766 totum
1927 1741 1984 1763 llo<

1051 1801 1165 1818 manum
1185 1793 1334 1825 imperium
1354 1798 1472 1823 usquam
1500 1788 1664 1814 constitutis
1696 1790 1745 1811 aut
1770 1785 1977 1810 constituendis

1053 1838 1129 1871 quod
1149 1838 1201 1870 ipsi
1222 1835 1392 1861 iudicialiter
1401 1837 1501 1859 contra
1517 1832 1679 1858 huiusmodi
1692 1830 1834 1856 maleficos
1858 1833 1885 1854 et
1904 1830 1973 1853 iniu-

1055 1884 1175 1908 riatores
1196 1889 1226 1905 ac
1247 1889 1343 1905 eorum
1363 1879 1515 1911 complices
1536 1878 1653 1902 indilate
1674 1876 1830 1909 procedant
1850 1878 1981 1905 tanquam

1056 1929 1156 1952 contra
1183 1925 1327 1950 convictos
1356 1923 1498 1948 maleficos
1526 1924 1553 1946 et
1574 1922 1655 1952 justa
1677 1919 1820 1944 sententia
1847 1919 1980 1950 dempna-

1056 1975 1099 1997 tos
1119 1972 1269 2003 postquam
1289 1976 1373 2001 super
1393 1968 1446 1991 hoc
1467 1966 1566 1990 moniti
1584 1965 1691 1990 suerint
1713 1972 1762 1988 seu
1784 1963 1910 1995 requisiti
1932 1970 1982 1993 pro

1056 2018 1138 2049 parte
1158 2014 1262 2038 civium
1280 2012 1455 2044 Aquensium
1483 2011 1540 2035 suis
1568 2010 1651 2034 certis
1673 2007 1785 2033 nunciis
1810 2008 1843 2031 ad
1863 2006 1916 2030 hoc
1937 2006 1984 2028 dc>

1056 2060 1163 2093 putatis
1189 2059 1234 2082 vel
1261 2055 1429 2090 deputandis
1456 2058 1504 2080 aut
1532 2054 1620 2079 literis
1643 2054 1751 2085 absque
1785 2059 1863 2084 expet
1875 2051 1981 2075 tatione

1058 2104 1175 2129 alicuius
1186 2102 1301 2127 alterius
1311 2101 1433 2125 mandati
1446 2109 1460 2125 a
1470 2100 1551 2124 nobis
1562 2099 1606 2123 vel
1617 2099 1650 2123 ab
1661 2098 1757 2129 aliquo
1773 2097 1826 2121 alio
1839 2094 1984 2119 obtinendi

1058 2148 1109 2173 sub
1130 2149 1247 2172 obtentu
1273 2146 1362 2179 gratie
1390 2147 1486 2169 nostre
1509 2143 1683 2167 contulimus
1705 2144 1733 2166 et
1754 2139 1928 2172 privat-ionis
1957 2141 1986 2163 et

1059 2192 1215 2216 amissionis
1236 2197 1308 2223 pena
1330 2189 1476 2213 feudorum
1498 2187 1657 2211 officiorum
1683 2193 1800 2210 suorum
1821 2192 1834 2208 a
1856 2183 1936 2207 nobis
1958 2186 1986 2207 et

1059 2237 1092 2261 ab
1113 2235 1229 2268 imperio
1251 2234 1431 2258 obtentorum
1451 2237 1696 2264 quorumcumque
1718 2232 1745 2252 et
1765 2236 1779 2252 a
1796 2228 1901 2252 nostris
1922 2235 1987 2251 sur-

1060 2279 1219 2305 cessoribus
1248 2277 1471 2306 obtinendorum,
1494 2276 1531 2300 ita
1560 2275 1642 2298 etiam
1664 2273 1737 2305 quod
1758 2273 1803 2304 qui
1824 2272 1985 2295 huiusmodi

1058 2323 1230 2357 proscriptos
1252 2323 1366 2354 exleges
1388 2324 1416 2345 et
1434 2320 1607 2352 percellatos
1629 2317 1766 2342 invaserit
1786 2324 1834 2341 seu
1857 2316 1986 2340 fortassis

1059 2367 1193 2392 occiderit
1212 2366 1379 2397 vbicumque
1400 2366 1528 2388 locorum
1545 2363 1655 2387 nullum
1675 2362 1791 2394 penitus
1813 2369 1826 2385 a
1842 2367 1985 2392 quoquam

1060 2411 1245 2444 preludicium
1271 2416 1427 2444 grauamen
1453 2411 1502 2432 aut
1532 2407 1769 2439 impedimentum
1796 2406 1919 2437 patietur
1939 2407 1986 2428 aut

1061 2457 1215 2490 ⁴generetur
1230 2455 1257 2478 in
1267 2455 1324 2478 suis
1333 2460 1451 2485 corpore
1472 2456 1500 2477 et
1519 2451 1656 2477 rebus.Ei
1678 2458 1762 2482 quum
1782 2451 1987 2482 pagameuturn

1062 2501 1226 2531 frequenter
1246 2498 1400 2521 innovatur
1419 2498 1447 2520 in
1467 2497 1551 2521 terris
1572 2496 1748 2521 dominorum
1769 2496 1986 2525 circumquaque

1063 2553 1095 2570 ex
1115 2544 1193 2568 cuius
1214 2542 1397 2566 renouatione
1419 2549 1504 2575 grave
1531 2540 1706 2572 dispendium
1735 2539 1900 2571 superxenit
1920 2538 1987 2561 eivi-

1063 2589 1116 2613 bus
1143 2590 1171 2612 et
1196 2586 1391 2612 communitati
1419 2589 1515 2611 nostre
1544 2585 1648 2619 regalis
1670 2584 1743 2609 sedis
1764 2583 1919 2615 Aquensis,
1939 2582 1986 2606 da<

1732 2629 1791 2658 C·
