2209 2858
183 169 243 200 xx
580 156 788 213 Anhang.
819 154 982 212 Kenig
1011 152 1261 197 Friedrich
1291 154 1379 198 IV.
1413 167 1522 208 1442,
1537 167 1633 212 Juny
1645 168 1705 202 21.

180 313 240 329 mus
267 305 354 337 igitur
381 306 485 331 eisdem
514 307 622 332 civibus
641 307 819 340 Aquensibus
847 306 1045 332 auctoritatem
1065 307 1094 331 et

178 352 332 384 plenariam
354 353 523 382 potestatem
538 351 680 376 statuendi
697 353 898 385 pagamentum
919 351 947 375 in
961 358 1010 375 suo
1027 357 1094 374 con-

180 396 240 419 silio
259 394 382 426 Aquensi
408 397 493 426 prout
518 395 588 428 ipsis
614 396 648 420 ad
667 397 826 428 profectum
845 396 966 420 civitatis
987 394 1092 428 regalis

182 439 254 462 <edis
279 439 419 471 Aquensis
444 439 583 464 videbitur
606 441 798 465 necessarium
824 442 852 465 et
871 440 1008 473 expedire,
1027 441 1093 465 item

178 490 231 515 qua
256 482 404 507 Lombardi
431 487 636 509 commorantes
666 485 693 508 in
717 484 829 508 civitate
849 484 973 516 Aquensi
993 492 1093 509 conee-

175 527 245 550 dunt
265 529 430 559 peccuniam
450 536 536 561 super
545 529 664 563 pignora
685 529 718 553 ad
738 532 843 558 custus,
864 529 962 555 damus
983 530 1091 554 civibus

186 571 355 602 Xquensihus
381 573 537 604 plenariam
561 576 732 605 potestatem
758 574 900 598 statuendi
920 577 949 599 et
967 573 1092 607 ponendi

176 623 260 647 super
281 615 356 648 ipsos
376 616 547 641 Lombardos
575 620 631 642 tam
651 620 799 651 presentes
817 626 902 650 quam
917 620 1030 644 futuros
1053 621 1092 645 vi*

176 660 257 689 :ilias
278 664 306 685 et
325 662 466 686 custodias
488 669 518 686 ac
538 670 702 686 communes
717 662 890 687 munitiones
903 662 1024 689 civitatis
1046 672 1089 690 re-

175 706 246 735 galis
268 706 341 729 sedis
362 706 519 737 supradicte
539 709 569 730 ut
594 707 645 738 ipsi
667 705 815 731 Lombardi
836 709 952 739 portent
971 716 1091 741 propor-

174 749 346 774 tionabiliter
366 757 514 773 commune
543 757 614 774 onus
637 750 758 775 civitatis
777 750 917 783 Aquensis
937 755 1024 785 prout
1044 761 1090 778 ex-

175 792 293 824 pedierit
319 793 351 817 ad
378 793 535 825 profectum
562 797 590 818 et
608 794 757 818 utilitatem
778 795 902 820 eiusdem
922 799 950 821 et
969 797 1034 828 quia
1053 798 1091 822 ci-

179 837 247 861 titas
274 836 411 869 Aquensis
432 840 475 861 est
503 845 638 870 oppressa
663 839 743 872 gravi
769 847 856 864 onere
884 840 1043 865 debitorum
1063 844 1092 866 et

177 890 225 912 pro
247 881 383 905 servanda
403 888 433 905 ac
453 881 589 907 firmanda
610 883 669 915 ipsa
690 883 796 908 civitati
816 886 913 909 nostre
923 886 1027 919 regalis
1049 894 1092 912 se-

173 926 214 949 niis
234 924 370 956 Aquensis
397 926 428 949 ad
457 929 585 951 nostrum
608 930 636 952 et
654 928 726 952 sacri
746 927 865 953 Romani
886 929 994 961 imperii
1015 938 1091 956 com·

178 969 289 993 umdum
320 973 347 993 et
372 969 508 994 honorem
536 975 666 1004 sumptus
691 980 795 1006 graves
823 976 851 997 et
875 981 997 1006 expense
1023 975 1091 1008 ipsis

174 1014 280 1037 civibus
307 1013 474 1038 incumbunt
499 1017 584 1046 prout
609 1016 711 1047 liquide
743 1017 824 1041 nobis
851 1020 971 1049 constat,
991 1017 1091 1045 damus

173 1058 360 1089 permittimus
381 1060 408 1082 et
426 1059 609 1083 concedimus
628 1068 679 1092 per
692 1064 853 1093 presentem
868 1062 1000 1095 paginam
1022 1064 1090 1096 ipsis

173 1102 279 1126 cixibus
306 1102 484 1134 Aquensibus
510 1103 689 1134 presentibus
717 1108 745 1129 et
770 1105 874 1130 futuris
894 1108 1090 1133 auctoritatem

171 1150 198 1169 ct
220 1146 374 1178 plenariam
396 1146 560 1171 facultatem
581 1148 609 1172 in
626 1148 780 1173 subsidium
799 1152 828 1173 et
844 1149 974 1185 levamen
994 1160 1090 1184 sump-

170 1195 248 1214 tuum
268 1197 453 1221 expensarum
481 1191 640 1216 huiusmodi
665 1192 746 1216 dandi
768 1193 796 1217 in
817 1194 1014 1225 emphiteosim
1036 1196 1089 1221 hoc

171 1238 213 1259 ost
233 1234 266 1258 ad
284 1235 331 1265 jus
351 1234 550 1260 hereditarium
575 1237 790 1261 communitates
811 1238 932 1262 civitatis
948 1239 1089 1271 Aquensis

169 1286 359 1310 quascumque
387 1279 425 1303 sic
456 1279 530 1311 quod
558 1280 610 1312 ipsi
631 1280 705 1304 cives
731 1280 954 1307 contradictione
977 1283 1089 1309 offensa

169 1331 219 1347 seu
240 1322 440 1354 impedimento
464 1323 658 1356 cuiuscunque
685 1332 806 1356 persone
831 1325 1020 1352 ecclesiastice
1043 1329 1090 1354 vel

169 1367 308 1391 mundane
332 1366 524 1399 cuiuscunque
544 1368 714 1393 conditionis
735 1371 783 1393 aut
806 1369 1018 1402 preeminencie
1044 1380 1089 1397 ex-

171 1411 261 1435 titerit
277 1411 391 1436 minime
406 1411 434 1435 in
449 1411 503 1435 hoc
523 1412 654 1437 obstante
668 1413 701 1437 de
718 1416 745 1437 et
762 1422 825 1438 cum
841 1417 1090 1442 communitatibus

172 1456 229 1479 suis
246 1459 301 1479 tam
319 1455 347 1479 in
363 1455 492 1480 busschis
513 1457 675 1481 nemoribus
701 1457 788 1489 pratis
810 1460 922 1491 pascuis
937 1460 1016 1492 aquis
1034 1464 1091 1486 ter-

169 1499 207 1523 ris
221 1500 329 1523 meritis
345 1507 428 1531 quam
441 1500 566 1524 eciamin
582 1501 697 1526 fundum
707 1502 766 1526 aliis
777 1503 1002 1536 quibuscumque
1021 1513 1089 1537 quos

171 1551 239 1575 quas
255 1546 282 1568 et
301 1552 354 1575 que
367 1544 504 1569 hactenus
514 1545 702 1577 possederunt
712 1547 895 1578 etpossident
910 1549 937 1572 et
954 1549 1041 1573 eciam
1057 1549 1091 1574 ad

171 1588 258 1619 ipsam
268 1588 410 1612 cix-itatem
429 1591 528 1613 nostre
541 1589 647 1623 regalis
669 1590 741 1614 sedis
751 1589 911 1622 Aquensem
928 1593 960 1617 ab
976 1593 1090 1625 antiquo

171 1627 348 1662 pertinebant
367 1634 395 1656 et
412 1632 555 1665 pertinere
571 1633 811 1666 dinoscunturpro
826 1637 1022 1661 communibus
1037 1638 1093 1663 usi·

175 1677 225 1700 bus
242 1677 313 1701 dicte
331 1677 450 1701 civitatis
460 1676 600 1709 Aquensis
616 1681 673 1702 tam
689 1686 774 1711 supra
791 1683 894 1704 terram
906 1689 990 1712 quam
1005 1682 1093 1707 eciam

172 1721 222 1744 sub
243 1724 318 1744 terra
336 1721 421 1745 libere
440 1720 589 1753 disponere.
612 1722 705 1747 facere
721 1725 748 1747 et
762 1723 791 1747 in
810 1724 1008 1757 emphiteosim
1024 1726 1090 1751 dare

174 1765 285 1789 valeant
296 1765 370 1788 iuxta
381 1772 478 1789 eorum
490 1765 697 1798 beneplacitum
708 1768 918 1796 et3voluntate1n
930 1773 1018 1801 prout
1027 1774 1054 1795 et
1065 1770 1093 1796 in

171 1810 306 1839 quantum
330 1809 395 1840 ipsis
414 1812 441 1832 et
457 1808 564 1834 civitati
580 1813 677 1834 nostre
692 1811 796 1845 regalis
811 1812 883 1837 sedis
898 1812 1023 1845 Aqueusi
1042 1823 1093 1839 no—

172 1853 264 1876 verint
287 1851 427 1884 expedire,
446 1856 473 1877 et
490 1854 644 1886 cuicunque
662 1857 690 1879 et
706 1856 919 1889 quibuscunque
934 1857 1036 1883 dantur
1049 1860 1093 1885 vel

170 1896 364 1920 conceduntur
390 1904 439 1921 seu
465 1897 529 1922 date
562 1899 607 1922 vel
628 1906 760 1923 concesse
780 1900 887 1925 suerint
912 1903 941 1926 et
963 1906 1029 1927 sunt
1045 1903 1092 1928 ille

172 1940 389 1965 communitates
414 1941 537 1965 civitatis
558 1941 700 1974 Aquensis
720 1946 768 1967 aut
791 1944 867 1976 pecie
888 1947 1047 1971 earumdem
1064 1948 1093 1972 in

163 1984 227 2013 jure
253 1984 428 2008 hereditario
454 1987 502 2009 aut
525 1985 592 2010 alias
619 1987 851 2020 qualitercunque
875 1992 903 2013 et
935 1990 1095 2024 ubicunque

167 2029 293 2053 locorum
316 2028 368 2052 site
388 2036 442 2063 pro
459 2029 583 2054 utilitate
600 2030 720 2055 civitatis
739 2031 878 2064 Aquensis
898 2033 1036 2059 facientes
1052 2036 1091 2060 illi

169 2076 197 2097 et
217 2073 269 2097 illis
293 2076 337 2097 est
357 2076 386 2097 et
417 2073 472 2097 erit
495 2073 548 2098 hec
580 2082 625 2099 res
645 2076 720 2099 vtilis
745 2078 827 2108 atque
857 2077 938 2102 firma
965 2078 1093 2104 habenda

174 2117 340 2150 possidenda
356 2116 442 2141 libere
459 2119 487 2141 et
504 2119 602 2152 quiete
623 2122 651 2143 et
665 2119 799 2152 quidquid
814 2121 912 2146 exinde
928 2124 1093 2154 provenerit

170 2161 222 2185 hoc
239 2161 270 2185 ad
288 2169 452 2186 communes
469 2170 538 2186 usus
556 2163 678 2187 civitatis
697 2163 836 2196 Aquensis
854 2164 980 2198 predicte
995 2168 1090 2192 totali-

167 2208 210 2229 ter
220 2205 395 2239 deputamus.
411 2205 482 2230 Item
498 2207 649 2232 statuimus
661 2208 834 2242 etimperiali
845 2210 987 2235 sanximus
998 2212 1090 2238 edicto

166 2249 236 2280 qnod
268 2251 410 2274 memorati
437 2250 511 2275 cives
532 2252 623 2276 nostri
649 2251 798 2284 Aquenses
812 2256 899 2287 prout
927 2254 955 2279 in
971 2262 1022 2280 suo
1042 2257 1090 2282 de-

167 2293 307 2317 creverint
324 2293 439 2318 consilio
458 2296 679 2320 constitutiones
699 2297 749 2321 sibi
771 2298 945 2322 necessarias
963 2302 991 2324 et
1005 2301 1088 2327 utiles

167 2337 339 2361 constituere
353 2338 473 2364 {valeant
498 2342 526 2364 et
551 2347 597 2364 eas
622 2340 687 2365 dum
707 2341 849 2366 voluerint
866 2350 1016 2376 revocare,
1035 2353 1087 2370 nec

169 2389 224 2404 nnn
241 2381 312 2411 quod
333 2381 383 2414 ipsi
405 2382 437 2405 de
459 2383 538 2407 honis
562 2386 590 2409 et
612 2385 697 2409 rebus
719 2383 775 2409 suis
802 2393 833 2410 ac
855 2386 943 2411 eciam
963 2387 1031 2412 alias
1052 2389 1086 2414 de

163 2424 299 2448 mercibus
320 2432 372 2449 scu
390 2428 613 2453 mercacionibus
630 2432 658 2453 et
674 2430 925 2463 negociacionibus
941 2431 1084 2458 vniuersis

165 2469 264 2500 quibus
275 2469 380 2501 singuli
397 2472 425 2494 et
442 2470 565 2495 universi
584 2476 731 2506 presentes
751 2477 779 2499 et
798 2474 886 2499 futuri
903 2475 1083 2509 vndicunque

163 2513 284 2536 existant
304 2513 332 2536 in
348 2512 418 2537 dicta
435 2514 546 2539 civitate
564 2515 688 2547 Aquensi
706 2518 840 2542 fruuntur
864 2520 892 2543 et
912 2526 980 2550 quas
1003 2527 1081 2545 exer-

163 2559 225 2581 cent
240 2559 267 2580 et
283 2557 453 2581 exercebunt
469 2558 603 2592 colligere
619 2561 690 2586 vnde
706 2562 819 2587 valeant
836 2565 948 2588 steuras
966 2571 1081 2594 seuue-

164 2600 244 2623 rieias
262 2600 331 2624 vnde
345 2608 374 2625 se
391 2603 418 2625 et
434 2601 535 2626 dictam
554 2603 694 2629 civitatem
711 2607 813 2639 regalis
829 2606 902 2631 sedis
918 2606 1079 2639 Aquensem

1161 306 1291 330 muniant
1304 310 1331 331 et
1347 307 1415 331 alios
1431 315 1498 331 usus
1515 307 1553 331 eis
1574 308 1752 332 necessarios
1770 308 1875 333 faciant
1889 311 1918 334 et
1935 308 1970 333 ad
1990 309 2017 334 id
2036 310 2077 335 sa-

1160 351 1290 375 eiendum
1323 352 1368 376 vel
1390 351 1595 376 obmittendum
1620 359 1718 376 eorum
1744 352 1930 384 relinquimus
1959 353 2076 378 arbitrio

1159 398 1246 430 prout
1261 395 1329 430 ipsis
1345 398 1372 420 et
1388 404 1484 421 eorum
1500 395 1617 420 comodo
1633 398 1681 420 aut
1696 397 1862 422 necessitate
1878 397 2018 423 videbitur
2033 406 2079 423 ex-

1159 440 1263 474 pedire.
1278 440 1314 464 Et
1330 441 1460 472 quicquid
1477 441 1516 464 sic
1527 441 1560 465 de
1579 440 1737 464 huiusmodi
1748 441 1829 465 bonis
1844 441 2017 475 collegerint
2032 443 2075 468 vel

1159 484 1192 508 de
1209 485 1404 510 communibus
1429 485 1619 520 prouentibus
1643 484 1764 509 ciuitatis
1787 487 2076 518 pr‹iuenerit·eorum

1158 530 1363 554 municionibus
1378 537 1408 553 ac
1423 530 1483 554 aliis
1501 529 1696 553 communibus
1713 530 1930 555 necessitatibus
1946 532 1976 555 et
1990 538 2077 565 agen—

1158 573 1199 598 dis
1223 573 1310 607 ipsius
1332 573 1453 598 civitatis
1476 573 1647 608 deputamus
1671 573 1800 598 totaliter
1824 577 1852 598 et
1873 575 1988 599 omnino
2003 583 2076 600 nun-

1158 626 1241 650 quam
1263 618 1368 650 aliquid
1393 617 1492 642 exinde
1510 618 1538 642 in
1556 621 1670 642 nostros
1692 620 1740 642 aut
1763 618 1881 642 alicuius
1903 618 2074 643 successoris

1154 662 1244 686 nostri
1267 670 1332 686 vsus
1357 670 1406 686 seu
1429 662 1545 689 alicuius
1564 662 1679 687 alterius
1702 661 1822 686 hominis
1838 662 2076 698 con11e1·tendoet

1155 707 1333 740 applicando.
1347 706 1479 731 Ceterum
1496 706 1594 731 damus
1608 707 1758 732 statuimus
1777 710 1805 731 et
1823 714 1964 741 generose
1979 715 2076 732 conce-

1155 752 1245 776 dimus
1272 751 1346 783 quod
1368 759 1466 775 omnes
1490 753 1518 775 et
1542 752 1656 786 singule
1673 752 1737 776 ville
1757 759 1820 776 cum
1844 751 1903 776 suis
1916 751 2030 782 juribus
2047 755 2077 777 et

1154 794 1333 829 pertinentiis
1355 795 1569 828 quibuscunque
1589 799 1617 820 et
1637 795 1890 820 inhabitationibus
1908 797 2071 822 earumdem

1155 840 1334 874 presentibus
1357 843 1386 864 et
1409 840 1511 864 suturis
1531 841 1606 865 infra
1627 840 1752 865 bannum
1771 840 1878 865 miliare
1899 843 1927 866 et
1945 840 2078 872 jurisdic-

1155 885 1263 909 tionem
1275 884 1398 908 civitatis
1415 887 1513 908 nostre
1530 885 1635 918 regalis
1658 885 1733 910 sedis
1751 884 1890 917 Aquensis
1909 885 1962 910 site
1988 888 2016 911 et
2034 885 2078 916 ja-

1157 931 1254 955 centes
1272 928 1305 952 ad
1321 928 1412 962 ipsam
1427 929 1553 962 regalem
1567 929 1662 953 sedem
1678 928 1822 953 civitatem
1836 931 1864 954 et
1877 929 1951 954 cives
1960 929 2077 963 Aquen-

1158 981 1202 998 ses
1219 973 1253 997 ab
1271 974 1386 1005 antiquo
1398 976 1561 1008 spectantes
1579 975 1607 998 et
1621 973 1799 1007 pertinentes
1817 974 1887 1008 ipsis
1904 974 1932 998 in
1946 974 2078 1000 omnibus

1158 1021 1187 1043 et
1208 1026 1259 1052 per
1276 1018 1369 1043 omnia
1392 1019 1580 1052 permaneant
1603 1018 1672 1042 vuiti
1688 1020 1716 1042 et
1739 1018 1841 1042 annexi
1858 1021 1944 1052 prout
1961 1018 2080 1044 fuerunt

1157 1062 1332 1096 temporibus
1348 1063 1498 1086 retroactis
1514 1070 1568 1086 nec
1583 1062 1616 1086 ab
1636 1062 1675 1086 eis
1690 1069 1742 1096 per
1754 1069 1806 1086 nos
1823 1069 1873 1086 seu
1887 1069 1939 1097 per
1955 1063 2078 1095 aliquem

1156 1110 1285 1131 nostrum
1301 1114 1494 1131 successorem
1511 1109 1559 1131 aut
1574 1114 1626 1140 per
1637 1105 1840 1131 inhabitatores
1851 1107 2013 1132 earumdem
2028 1107 2080 1132 vil-

1155 1152 1246 1176 larum
1267 1153 1417 1183 presentes
1435 1153 1463 1175 et
1480 1151 1592 1175 futuros
1616 1159 1666 1175 suo
1692 1151 1810 1185 proprio
1834 1153 1915 1175 motu
1937 1151 1984 1176 vel
2007 1152 2076 1177 alias

1155 1195 1399 1227 qualitercumque
1427 1195 1485 1219 vllo
1508 1203 1641 1227 vmquam
1663 1197 1790 1226 tempore
1811 1195 1924 1219 valeant
1953 1196 2079 1221 alienare

1155 1245 1287 1272 separare
1304 1238 1347 1262 vel
1362 1239 1453 1263 auerti
1471 1241 1500 1263 et
1518 1239 1593 1271 quod
1607 1238 1812 1271 inhabitatores
1831 1239 1984 1265 earundem
1997 1241 2077 1266 villa-

1154 1291 1216 1307 rum
1230 1283 1521 1318 proporcionabiliter
1535 1284 1653 1315 portent
1669 1290 1739 1306 «inus
1749 1283 1871 1307 ciuitatis
1879 1283 2020 1316 Aquensis
2030 1293 2079 1311 cn—

1156 1328 1260 1352 stodias
1275 1331 1304 1351 et
1320 1327 1433 1360 vigilias
1450 1334 1480 1351 ac
1497 1334 1662 1351 communes
1676 1327 1854 1351 municiones
1868 1330 1956 1361 prout
1969 1328 2024 1363 ipsi
2041 1329 2080 1353 ci-

1155 1380 1204 1396 ves
1216 1371 1364 1404 Aquenses
1376 1371 1483 1396 faciunt
1500 1371 1662 1405 supradicti,
1679 1371 1855 1395 decernimus
1867 1371 1956 1396 eciam
1973 1374 2002 1396 et
2017 1379 2081 1397 san-

1155 1417 1244 1440 ximus
1260 1416 1334 1447 quod
1351 1415 1426 1440 eires
1436 1415 1583 1447 Aquenses
1595 1415 1717 1439 vniuersi
1728 1418 1755 1440 et
1773 1415 1879 1448 singuli
1890 1424 1948 1440 non
1963 1418 2081 1442 tenean-

1154 1464 1202 1486 tur
1220 1461 1414 1492 imposterum.
1431 1459 1514 1484 Exire
1533 1458 1676 1484 civitatem
1687 1461 1851 1491 Aquensem
1869 1463 1977 1485 armata
1992 1468 2079 1485 manu

1156 1505 1391 1538 qualitercunque
1413 1503 1548 1528 acciderit
1566 1503 1614 1528 sed
1634 1503 1707 1536 quod
1725 1504 1777 1537 ipsi
1794 1506 1982 1537 permaneant
1997 1504 2027 1529 in
2043 1505 2078 1529 ci-

1153 1550 1239 1574 vitate
1250 1548 1377 1581 Aquensi
1395 1548 1429 1573 ad
1446 1548 1663 1572 custodiendum
1679 1548 1824 1572 ciuitatem
1843 1552 1872 1573 et
1886 1551 2012 1573 nostram
2030 1556 2075 1574 re-

1157 1595 1251 1628 galem
1264 1593 1359 1618 sedem
1375 1593 1408 1617 ab
1425 1593 1578 1617 insultibus
1593 1593 1750 1617 emulorum
1766 1592 1798 1617 ad
1814 1592 1951 1618 honorem
1966 1593 2078 1626 imperii

1158 1642 1185 1663 et
1201 1638 1367 1672 profectum.
1385 1636 1548 1661 Inhibemus
1569 1637 1652 1661 etiam
1668 1644 1703 1661 ne
1719 1636 1820 1669 aliquis
1837 1636 1978 1662 officiatus
1997 1638 2027 1662 in
2043 1639 2080 1662 ci-

1156 1683 1243 1707 vitate
1261 1682 1386 1714 Aquensi
1410 1681 1581 1705 constitutus
1599 1681 1645 1705 rel
1666 1680 1879 1705 constituendus
1897 1688 1946 1705 seu
1976 1681 2078 1714 aliquis

1157 1727 1227 1751 alius
1242 1726 1310 1750 civis
1324 1725 1463 1757 Aquensis
1481 1727 1562 1750 exeat
1572 1726 1716 1749 civitatem
1728 1724 1888 1756 Aquensem
1905 1728 2011 1750 armata
2022 1735 2079 1752 ma-

1157 1779 1195 1795 nu
1209 1770 1239 1794 in
1256 1770 1426 1794 adiutorium
1442 1769 1524 1794 alicui
1540 1769 1573 1794 de
1591 1777 1644 1801 qua
1660 1777 1689 1793 re
1705 1768 1945 1801 ciuitatiAquensi
1961 1773 2081 1804 possent

1158 1814 1270 1840 evenire
1289 1814 1466 1848 dispendium
1489 1817 1517 1839 et
1539 1821 1695 1847 grauamen
1713 1816 1742 1837 et
1758 1814 1917 1845 quicunque
1935 1813 2035 1839 feeerit
2050 1815 2079 1839 in

1159 1859 1332 1884 contrarium
1352 1859 1398 1883 ille
1417 1860 1530 1883 maneat
1547 1862 1624 1883 extra
1643 1857 1788 1882 civitatem
1809 1857 1974 1889 Aquensem
1989 1858 2077 1884 donec

1158 1903 1295 1928 discordia
1314 1903 1344 1927 in
1367 1903 1468 1927 melius
1491 1903 1663 1927 reformetur
1678 1905 1706 1926 et
1725 1901 1850 1932 cedetur,
1867 1904 1895 1926 et
1908 1903 1983 1934 quod
1996 1903 2087 1928 iudex·

1159 1950 1207 1972 aut
1223 1947 1366 1971 officiatus
1382 1947 1506 1971 civitatis
1523 1946 1665 1978 Aquensis
1684 1953 1803 1980 presens
1821 1948 1870 1971 aut
1890 1946 2004 1971 futurus
2019 1955 2078 1972 non

1158 1991 1267 2026 poterit
1284 1999 1336 2015 nec
1352 1990 1463 2015 debebit
1486 1998 1536 2023 per
1559 1998 1588 2015 se
1607 1992 1655 2015 aut
1673 1998 1724 2022 per
1740 1997 1878 2024 personas
1895 1989 2079 2022 interpositas

1159 2038 1207 2061 aut
1218 2036 1284 2060 alias
1303 2035 1544 2067 qualitercumque
1561 2035 1684 2068 aliquem
1695 2036 1784 2060 civem
1794 2034 1957 2067 Aquensem
1969 2043 2079 2060 exnunc

1159 2083 1186 2106 et
1205 2080 1233 2104 in
1256 2079 1383 2104 futurum
1406 2087 1506 2111 capere
1532 2080 1668 2113 impetere
1686 2087 1735 2103 seu
1751 2078 1882 2103 invadere
1900 2078 1929 2103 in
1944 2080 2002 2103 suis
2018 2087 2081 2105 cor-

1157 2132 1227 2158 pore
1243 2124 1303 2148 siue
1327 2123 1412 2148 rebus
1430 2124 1482 2147 nisi
1499 2125 1583 2155 prout
1604 2123 1752 2148 dictaverit
1767 2121 1845 2153 justa
1859 2123 2001 2147 sententia
2020 2131 2081 2148 sca-

1156 2169 1286 2193 binorum
1303 2167 1479 2199 Aquensium
1495 2168 1539 2192 vel
1558 2168 1659 2192 saitem
1675 2167 1764 2192 forma
1774 2166 2021 2202 'constitutionum
2036 2168 2078 2201 ip—

1157 2221 1254 2238 sorum
1271 2212 1374 2236 civium
1385 2215 1412 2236 et
1423 2211 1543 2236 civitatis
1552 2211 1691 2244 Aquensis
1699 2210 1834 2243 predicte,
1845 2211 1979 2236 adicimus
1989 2212 2077 2238 eciam

1155 2260 1184 2282 et
1199 2257 1288 2281 edicto
1303 2257 1393 2289 regali
1416 2256 1594 2280 decernimus
1612 2255 1645 2280 de
1662 2253 1854 2279 munificentia
1871 2255 1960 2288 gratie
1978 2256 2075 2290 singu-

1155 2298 1220 2326 laris
1240 2300 1315 2333 quod
1340 2300 1415 2324 cives
1440 2303 1467 2324 et
1489 2300 1589 2324 civitas
1606 2298 1745 2331 Aquensis
1767 2299 1956 2323 communiter
1974 2300 2019 2324 vel
2040 2301 2081 2326 di-

1154 2346 1236 2370 visim
1251 2347 1280 2369 et
1291 2352 1389 2369 eorum
1405 2345 1478 2369 bona
1493 2353 1544 2377 pro
1560 2344 1640 2368 nohis
1657 2345 1686 2367 et
1699 2342 1913 2367 successoribus
1927 2344 2034 2369 nostris
2045 2353 2078 2370 ac

1152 2389 1269 2422 imperio
1287 2397 1368 2414 sacro
1384 2389 1441 2413 vllo
1457 2396 1589 2421 vmquam
1604 2391 1731 2419 tempore
1747 2394 1798 2419 per
1813 2394 2010 2420 quamcunque
2025 2396 2077 2414 seu

1152 2441 1343 2466 quascumque
1353 2441 1504 2465 personam
1513 2432 1557 2456 vel
1572 2439 1709 2464 personas
1721 2431 1897 2465 inpignorari
1911 2432 1954 2456 vel
1972 2432 2001 2456 in
2015 2433 2079 2467 pig-

1150 2485 1221 2502 nora
1232 2476 1428 2502 communibus
1438 2476 1569 2510 occupari
1579 2476 1623 2500 vel
1633 2475 1777 2500 molestari
1787 2475 1977 2505 debeantgullo
1985 2478 2081 2509 modo,

1148 2521 1278 2554 quodque
1288 2529 1371 2546 nemo
1380 2522 1573 2553 cuiuscunque
1584 2519 1750 2544 conditionis
1766 2521 1856 2543 status
1867 2519 2015 2553 dignitatis
2024 2529 2076 2547 seu

1146 2566 1352 2598 preeminencie
1374 2566 1412 2590 sic
1423 2566 1455 2590 ab
1472 2565 1538 2597 ipsis
1554 2564 1661 2589 civibus
1683 2567 1711 2589 et
1725 2564 1839 2588 civitate
1858 2563 1981 2596 Aquensi
1999 2567 2027 2590 et
2046 2566 2080 2591 de

1146 2610 1271 2643 ipsorum
1294 2610 1374 2635 bonis
1394 2614 1421 2635 et
1442 2610 1526 2635 rebus
1542 2617 1593 2641 per
1613 2613 1702 2634 terras
1719 2616 1767 2633 seu
1795 2615 1846 2642 per
1861 2609 1958 2641 {aquas
1974 2609 2078 2642 aliquid

2172 1348 2191 1571 &qm
2174 1095 2192 1309 ,Μ-
2179 1056 2191 1090 ,5
2179 964 2189 1021 ⁸—-

2175 1687 2187 1857 maa-—

2174 2071 2192 2099 ‘5—
2174 1964 2186 2065 ·—‹-⁴—-
2176 1939 2183 1957 ι·
2175 1876 2184 1915 ὀ·-

2171 2482 2177 2486 ν
2170 2468 2176 2474 *
2166 2383 2183 2454 ³¹25.
2170 2112 2183 2375 nanu-42⁶⁴.—
