2209 2858
201 135 297 168 CXX

634 119 843 176 Anhang.
876 117 1038 176 Konig
1068 116 1318 161 Friedrich
1347 115 1437 161 lV.
1471 126 1582 162 1452.
1614 127 1728 162 Marz.

204 276 317 307 portare
338 272 463 302 solebat,
483 279 546 295 cum
562 278 645 304 pomo
667 273 694 295 et
712 271 824 303 sceptro
844 269 877 294 ad
893 269 946 293 hoc
959 268 1128 301 pertinenti-

205 319 266 342 bus.
287 316 395 341 Ibidem
416 323 484 340 vero
502 314 635 339 videlicet
654 318 719 339 ante
740 314 830 339 altare
847 314 937 337 sancti
955 312 1033 337 Petri
1049 319 1129 337 acce-

205 362 247 395 pit
261 360 352 393 primo
379 360 404 384 d.
423 368 451 384 n.
473 366 545 391 papa
565 359 691 393 gladium
707 358 814 383 nudum
835 357 994 382 vibrantem
1013 364 1129 389 pomum

206 407 234 430 et
247 406 391 437 sceptrum
407 411 438 428 ac
452 403 538 428 etiam
554 411 688 427 coronam
703 401 879 435 imperialem
900 404 929 426 et
948 404 1017 426 tunc
1034 400 1128 425 factus

206 452 249 474 est
267 448 375 481 primus
390 447 548 480 Imperator
564 447 768 472 Romanorum.

276 491 442 517 Cardinales
469 499 536 516 vero
563 491 598 516 ad
623 498 688 515 eum
708 490 862 515 veniebant
881 496 944 513 cum
964 487 1129 513 dulcissimo

208 544 302 561 amore
322 536 450 560 dieentes
473 536 524 560 sibi
548 535 739 568 proficiat.
766 534 878 567 Regina
901 540 970 558 vero
991 532 1066 556 nuda
1084 538 1129 556 ca—

204 581 262 613 pite
282 584 310 605 et
324 579 467 613 pendente
482 587 562 604 coma
578 579 662 603 etiam
683 579 802 603 accessit
822 578 857 602 ad
880 585 984 610 papam
1005 583 1076 608 quae
1093 575 1130 600 si-

204 624 312 650 militer
327 624 435 657 recepit
461 630 610 653 coronam,
634 626 700 656 post
724 622 954 647 communionem
978 628 1045 645 vero
1063 619 1131 644 mis-

205 676 252 694 sae
271 676 344 702 papa
366 667 529 700 imperatori
554 670 583 691 et
603 666 776 699 imperatrici
798 666 891 698 palam
910 667 938 690 et
954 664 1067 697 publice
1083 671 1129 688 co-

205 720 264 738 ram
282 712 411 738 omnibus
432 711 642 736 sanctissimum
658 709 767 743 Corpus
783 709 889 734 Christi
916 712 945 734 et
967 709 997 733 in
1014 708 1130 742 signum

203 757 284 790 pacis
303 757 326 781 d.
338 765 364 780 n.
379 763 451 788 papa
465 755 541 780 dedit
558 755 687 779 osculum
703 753 877 787 imperatori,
896 753 1052 786 imperator
1061 759 1129 777 vero

202 800 378 834 imperatrici
398 802 426 824 et
447 799 486 824 sic
505 799 586 824 ambo
610 798 778 823 recedentes
801 798 920 823 accessit
934 796 1129 829 vnusquisque

204 845 308 870 iterum
324 843 358 868 ad
376 843 470 868 locum
486 851 583 874 suum⁷
603 844 631 868 et
646 841 704 867 fuit
718 844 786 867 tunc
801 842 882 867 lucus
900 841 1078 874 imperatoris
1094 840 1129 866 ad

206 889 282 913 latus
304 888 330 912 d.
356 896 384 912 n.
407 895 505 922 papae.
532 887 604 912 Post
624 886 853 912 benedictionem
872 887 901 911 et
923 886 1010 911 finem
1025 885 1129 910 missae

202 940 276 965 papa
299 932 449 957 associavit
474 940 504 957 se
525 931 689 965 imperatori
710 938 801 963 usque
826 930 861 955 ad
891 932 1008 963 pontem
1029 929 1128 954 Sancti

202 976 324 1008 Angeli,
344 979 444 1001 euntes
464 976 548 1000 ambo
569 983 602 1000 ex
622 975 707 1000 choro
731 983 833 1000 manus
860 974 894 999 ad
919 982 1020 999 manus
1037 981 1128 1006 usque

203 1021 236 1045 nd
254 1020 359 1053 gradus
377 1021 468 1045 sancti
486 1020 565 1045 Petri
587 1021 617 1044 et
637 1019 674 1044 ibi
697 1027 771 1052 papa
794 1018 921 1044 ascendit
939 1026 1058 1050 equum,
1079 1018 1130 1042 im—

202 1067 320 1098 perator
341 1072 407 1089 vero
431 1064 593 1089 conducens
612 1072 717 1096 equum
734 1064 760 1089 d⁴
777 1072 804 1088 n.
821 1070 910 1096 papae
926 1070 977 1094 per
990 1065 1048 1087 tres
1065 1069 1128 1094 pas-

203 1117 251 1134 sus
269 1109 355 1141 prout
370 1108 457 1132 moris
472 1110 532 1139 est,
552 1108 620 1133 licet
634 1115 708 1143 papa
725 1107 820 1140 sepius
836 1108 934 1132 renuit
950 1109 979 1132 et
993 1107 1061 1131 tunc
1077 1106 1128 1130 im—

202 1155 318 1186 perator
331 1152 459 1176 ascendit
473 1159 576 1184 equum
591 1160 675 1177 suum
691 1153 863 1184 iveruntque
885 1151 925 1176 sic
941 1151 1015 1176 latus
1037 1150 1072 1174 ad
1088 1150 1128 1176 la-

204 1200 250 1222 tus
268 1204 332 1221 cum
355 1196 476 1221 maximo
493 1195 638 1229 triumpho
659 1203 748 1228 usque
762 1195 797 1221 ad
813 1198 932 1228 pontem
950 1194 1129 1228 praedictum

202 1240 312 1265 habens
328 1247 440 1273 semper
457 1242 485 1265 et
499 1242 619 1273 portans
635 1248 731 1265 secum
747 1248 860 1271 ensem,
879 1247 995 1273 pomum
1012 1246 1130 1264 aureum

204 1285 230 1310 in
252 1291 336 1310 manu
353 1287 381 1310 et
393 1291 525 1310 coronam
541 1287 570 1310 et
585 1284 626 1311 sic
641 1284 674 1310 ad
689 1285 828 1319 palatium
843 1283 1038 1318 supradictum
1052 1286 1128 1309 tran·
1159 1319 1162 1325 Ι

1195 270 1294 300 scunt,
1316 267 1382 292 illuc
1399 275 1470 300 papa
1487 267 1539 292 sibi
1555 267 1633 292 dedit
1642 275 1737 292 rosam
1754 275 1817 292 cum
1831 266 2032 293 benedictione
2052 276 2124 302 apo-

1194 312 1294 337 stolica
1314 314 1344 336 et
1362 319 1495 336 reversus
1515 313 1560 336 est
1578 311 1611 336 ad
1630 311 1768 344 palatium
1786 319 1878 337 sunm.

1282 355 1442 389 Imperator
1471 360 1565 380 autem
1592 356 1687 380 stabat
1711 363 1785 388 pene
1812 363 1863 388 per
1882 356 1951 381 duas
1971 356 2056 382 horas
2076 358 2122 382 vel

1194 399 1307 425 circiter
1326 407 1414 433 super
1433 402 1530 432 potem
1549 400 1712 433 praefatum
1731 401 1761 424 et
1777 400 1869 425 oravit
1891 400 1958 433 (sic)
1987 401 2120 433 (creavit)

1194 446 1338 469 tei-centes
1357 444 1471 469 milites.

1281 487 1387 513 Postea
1411 487 1534 513 accessit
1559 487 1593 512 ad
1619 487 1648 513 S.
1667 486 1811 512 Joannem
1829 487 2054 514 lintei-anensem
2085 490 2120 515 ad

1193 532 1361 565 prandium,
1381 532 1456 565 quod
1475 534 1572 557 tamen
1589 532 1618 556 in
1640 539 1756 556 caenam
1781 539 1952 558 conversum
1976 536 2033 565 est,
2053 534 2120 566 quia

1194 576 1250 601 fuit
1270 577 1348 608 quasi
1371 576 1441 602 hora
1464 576 1554 610 prima
1569 577 1662 601 noctis
1679 579 1832 608 autequam
1852 576 1956 601 ibidem
1973 577 2120 610 applicuit,

1195 622 1224 645 et
1242 619 1346 645 iteruin
1363 620 1412 646 illa
1433 622 1518 645 nocte
1542 627 1673 645 reversus
1698 622 1742 645 est
1765 620 1799 645 ad
1823 618 1964 653 palatium
1981 623 2033 646 etc.
2053 629 2121 646 cum

1194 664 1304 689 honore
1321 667 1350 689 et
1367 665 1488 690 maximo
1502 664 1647 698 triumpho
1663 671 1759 689 coram
1773 665 1878 697 populo
1889 664 2028 690 Romano.
2046 664 2122 690 Lau-

1195 708 1279 733 detur
1295 709 1447 734 altissimus
1471 709 1504 734 de
1524 716 1575 734 sua
1591 708 1774 734 coronatione
1794 711 1823 733 et
1841 708 1893 733 sibi
1913 710 1942 734 et
1959 709 2041 734 nobis
2053 717 2121 742 pro—

1194 751 1295 777 ficiens
1316 752 1350 777 ad
1370 754 1500 778 salutem.

1282 796 1356 822 Item
1383 797 1486 822 XXIII.
1511 795 1609 822 Martii
1634 796 1753 822 recessit
1778 804 1793 821 a
1812 796 1903 822 Roma
1931 799 1960 822 et
1984 797 2037 822 ivit
2055 805 2121 823 cum

1195 841 1377 874 imperatrice
1400 843 1428 866 et
1449 841 1546 866 multis
1570 841 1631 866 aliis
1647 841 1784 866 militibus
1803 842 1831 866 et
1847 841 1993 867 nobilibus
2006 839 2121 875 Neapo-

1193 885 1259 916 lim,
1279 893 1377 919 regem
1388 892 1457 911 vero
1465 884 1632 919 Hungariae
1649 885 1784 910 iuvenem
1794 883 1900 910 dimisit
1921 893 1987 911 cum
2000 885 2029 912 S.
2046 885 2072 911 d.
2090 894 2119 911 n.

1194 937 1275 963 papa.

1283 973 1345 1007 Ego
1369 973 1523 998 Gosminus
1539 972 1702 1005 Madoctes,
1720 975 1822 999 cantor
1840 973 1870 998 in
1895 974 2004 1007 capella
2017 981 2118 1008 papae,

1194 1017 1264 1043 haec
1283 1018 1473 1051 personaliter
1493 1016 1550 1042 vidi
1570 1019 1599 1043 et
1620 1017 1730 1050 scripsi}

1283 1061 1400 1087 Gladius
1420 1062 1609 1095 imperatoris,
1628 1064 1714 1095 prout
1733 1061 1845 1094 dicitur,
1864 1068 1951 1095 capax
1971 1062 2060 1088 estad
2073 1070 2122 1088 va-

1194 1106 1286 1132 lorem
1307 1106 1495 1140 quadraginta
1514 1106 1592 1131 milia
1612 1106 1789 1131 ducatorum.

1283 1150 1370 1176 Brida
1391 1158 1460 1176 vero
1482 1158 1533 1175 seu
1552 1150 1665 1182 habena
1684 1150 1805 1175 totidem
1825 1151 1854 1175 in
1872 1150 1977 1176 valore.

1281 1194 1320 1219 Et
1338 1195 1409 1220 sella
1429 1195 1463 1220 ad
1483 1195 1557 1220 idem
1575 1194 1720 1226 praecium
1740 1196 1769 1220 et
1788 1195 1922 1221 valorem.

1284 1238 1397 1263 Corona
1423 1241 1519 1264 autem
1538 1238 1752 1263 inaestimabilis
1773 1240 1826 1265 est.
1851 1237 1926 1265 Nam
1951 1239 2072 1274 gemmis
2093 1241 2122 1265 et

1195 1283 1338 1316 lapidibus
1359 1283 1492 1317 preciosis
1513 1280 1683 1309 mirabiliter
1700 1280 1837 1309 radiabat.
