2235 2859
381 124 591 182 Anhang.
657 123 820 182 Konig
838 122 1089 167 Friedrich
1105 123 1195 167 IV.
1227 136 1347 178 1448,
1371 137 1506 183 August
1532 140 1592 174 30.

1869 144 1989 178 xclx

52 215 1974 238 m

63 277 140 306 tate,
166 274 296 307 quodque
326 275 354 299 in
381 274 462 300 dietis
488 275 587 307 placiti
614 274 752 308 pretactis
779 273 874 307 sepius
894 276 988 298 certas

65 319 313 344 confederationes
333 321 362 344 et
380 319 575 344 ordinationes
594 319 669 344 inter
687 321 715 344 te
735 321 764 343 et
778 317 986 351 Friburgcnses

65 363 206 396 predictos
227 363 333 388 dudum
352 363 438 388 initas
459 363 599 397 sigillatas
622 365 650 388 et
669 362 814 395 expeditas
834 361 989 393 ijdemFri-

64 406 224 441 burgenses
243 408 447 442 allegaverint,
467 408 568 440 quibus
591 407 744 440 sperabant
767 406 835 431 satis
856 413 988 438 expresse

62 452 206 484 provisum
222 452 361 484 quomodo
378 454 405 476 et
425 452 547 484 qualiter
564 458 657 476 coram
674 458 728 482 quo
747 452 776 475 et
796 450 825 474 in
847 458 902 482 quo
925 450 987 474 loco

62 502 228 527 unaqueque
243 496 365 528 partium
384 496 501 520 alteram
519 495 667 520 occasione
684 501 916 526 quarumcunque
934 494 986 518 dif-

61 538 249 564 ferentiarum
264 542 293 564 et
310 541 491 572 querelarum
508 538 662 564 convenire
688 543 717 562 et
732 538 919 563 reconvenire
940 538 986 562 de-

61 582 142 607 beret
158 583 203 607 via
227 583 295 608 facti
319 591 436 616 prorsus
451 583 593 616 prohibita
615 582 644 606 in
670 581 784 613 eisdem,
805 583 906 614 quibus
929 590 987 606 non

63 627 244 652 obstantibus
262 637 293 653 ac
310 628 378 661 ipsis
395 636 453 653 nou
469 627 586 652 attentis
607 629 637 651 tu
658 627 733 651 inter
755 627 809 651 alia
825 627 860 651 ob
876 634 920 651 res
939 635 988 651 an-

63 671 237 703 tiquissimas
260 680 311 704 per
332 675 359 697 te
380 671 490 696 noviter
513 674 603 695 motas
629 674 658 696 et
683 673 831 696 suscitatas
855 671 887 695 ad
913 671 984 695 viam

66 715 134 740 sacti
150 719 248 740 contra
268 720 296 742 et
313 717 446 741 adversus
458 716 601 748 predictos
616 715 826 750 Friburgenses
842 723 987 749 processe-

63 760 101 784 ris
121 760 264 793 potissime
282 761 310 784 in
331 767 373 791 eo,
389 760 463 792 quod
479 763 510 784 tu
524 763 603 792 parte
618 768 676 784 non
693 763 801 791 vocata,
821 768 874 784 nec
891 768 985 784 coram

62 803 154 835 judice
169 804 339 837 competenti
354 804 582 835 jurisdictionem
598 804 692 829 saltim
704 804 824 836 aliquam
838 804 865 829 in
880 804 985 829 eisdem

65 847 303 883 Friburgensibus
320 847 441 872 habente
454 849 539 873 etiam
558 857 618 873 non
636 849 749 882 cognito
769 849 802 873 de
820 856 904 872 causa
920 857 986 881 pre-

70 892 208 917 tereundo
223 892 415 917 ordinationes
435 892 468 917 de
490 893 591 924 quibus
610 900 694 925 supra
720 893 752 917 fit
767 893 888 925 mentio,
908 893 986 918 nulla

67 937 180 970 penitus
198 938 309 961 servata
326 937 371 961 via
384 936 457 967 juris
471 940 571 962 contra
589 937 799 970 Friburgenses
816 938 891 969 ipsos
902 945 987 962 vnam

67 987 188 1004 marcam
198 988 281 1012 quam
291 981 460 1013 represalias
477 981 603 1014 appelles
621 982 747 1006 emiseris
763 984 791 1006 et
806 983 834 1006 in
846 982 901 1006 vim
912 982 986 1006 eius-

68 1024 129 1048 dem
137 1023 346 1057 Friburgenses
362 1025 505 1057 predictos
520 1026 609 1058 prede
625 1026 723 1058 spoliis
738 1026 854 1050 offensis
870 1033 988 1050 necnon

64 1068 296 1093 arrestationibus
314 1071 342 1093 et
362 1070 595 1102 occupationibus
616 1071 754 1094 bonorum
772 1079 885 1094 suorum
901 1070 987 1095 mobi—

63 1111 130 1136 lium
152 1113 180 1136 et
203 1113 388 1138 immobilium
412 1114 441 1138 in
460 1114 588 1146 personis
613 1117 641 1139 ct
665 1115 750 1139 rebus
769 1113 933 1147 exposueris
956 1123 987 1139 ac

62 1155 131 1187 ipsis
145 1155 386 1190 Friburgensibus
403 1159 537 1190 predictis
555 1160 617 1183 vias
634 1159 763 1191 publicas
782 1162 809 1183 et
825 1162 929 1183 stratas
944 1167 989 1183 re-

62 1199 123 1233 gias
137 1201 308 1232 precluseris
326 1204 354 1226 et
369 1202 537 1227 commercia
551 1203 707 1227 exercenda
722 1203 750 1227 in
769 1201 812 1227 his
830 1203 915 1227 libere
928 1202 989 1228 fieri

65 1244 159 1268 sollita
174 1245 352 1277 prohibueris
368 1248 397 1270 et
413 1246 487 1278 quod
505 1247 630 1271 deterius
648 1250 691 1272 est
713 1255 770 1271 non
786 1248 878 1271 solum
892 1247 989 1271 huius-

64 1288 137 1312 modi
158 1289 214 1313 tuis
234 1290 336 1314 marcis
354 1289 613 1322 prohibuitionibus
633 1294 660 1316 et
675 1292 816 1315 mandatis
835 1292 909 1316 circa
925 1292 989 1315 sub-

64 1331 137 1356 ditos
161 1335 225 1357 tuos
251 1333 400 1366 laborasti,
429 1342 527 1358 verum
559 1336 644 1359 etiam
666 1335 795 1359 omnibus
817 1338 844 1359 et
868 1336 988 1368 singulis

65 1383 116 1408 per
138 1375 295 1402 Romanum
319 1377 466 1410 imperium
493 1378 740 1403 deambulantibus
763 1382 790 1403 et
813 1387 864 1411 per
884 1382 988 1404 stratas

67 1421 160 1454 regias
172 1422 386 1454 negotiantibus
395 1423 606 1456 negotiationes
621 1430 652 1447 ac
670 1425 836 1448 commercia
853 1427 988 1448 consueta

62 1468 195 1497 pretextu
212 1467 430 1498 reprcsaliarum
449 1467 608 1491 huiusmodi
630 1468 754 1492 indebite
771 1468 943 1492 subtraxeris
961 1471 989 1493 ct

71 1509 161 1533 adhuc
183 1510 267 1535 hodie
289 1519 346 1535 non
373 1511 509 1536 cessando
543 1512 616 1536 bona
640 1511 753 1536 mobilia
784 1515 813 1537 ct
834 1513 988 1537 immobilia

68 1553 195 1585 ipsorum
205 1555 442 1589 Friburgensium
459 1556 486 1580 Iu
506 1556 665 1587 quantitate
682 1565 783 1590 magna
802 1557 928 1582 detineas
943 1566 987 1581 oc-

64 1602 166 1631 cupata
184 1609 247 1625 cum
267 1600 422 1625 redditibus
442 1601 596 1625 eorundem
620 1604 647 1625 et
671 1602 792 1633 capturis
813 1601 987 1626 diversarum

64 1652 178 1669 suarum
206 1653 391 1677 personarum
416 1645 449 1669 ad
473 1653 525 1677 que
543 1646 724 1669 reformanda
744 1654 775 1669 ac
792 1646 942 1670 relaxanda
961 1649 989 1670 et

63 1689 256 1720 restituenda,
277 1697 422 1721 nunquam
442 1689 589 1721 hucusque
608 1690 753 1721 quibusvis
777 1690 923 1723 diligentia
939 1699 985 1724 pe-

64 1733 211 1757 titionibus
242 1736 270 1758 et
295 1734 483 1758 oblationibus
509 1741 578 1766 erga
599 1732 627 1758 te
651 1741 837 1765 sepenumero
865 1734 988 1766 desuper

64 1777 145 1801 sactis
169 1778 261 1801 induci
284 1778 412 1809 potueris
437 1778 571 1810 quinymo
596 1778 691 1809 potius
719 1785 830 1810 semper
851 1778 986 1803 adversus

63 1820 272 1854 Friburgenses
292 1822 419 1853 prefatos
443 1822 525 1846 variis
552 1821 753 1846 afflictionibus
773 1823 986 1855 gravaminibus

65 1868 93 1889 et
109 1864 189 1896 penis
208 1865 335 1890 intentus
355 1866 388 1890 de
405 1865 448 1890 die
466 1866 493 1889 in
512 1866 583 1890 diem
602 1866 666 1898 plus
688 1865 856 1890 inflammari
876 1867 985 1898 ceperis

62 1916 166 1940 eosque
183 1909 296 1933 turbare
311 1912 339 1933 et
354 1909 500 1934 offendere
517 1918 580 1934 cum
599 1910 653 1934 tuis
669 1910 852 1942 complicibus
871 1911 984 1934 minime

61 1952 90 1976 in
107 1953 192 1977 rebus
209 1956 236 1976 et
252 1953 381 1984 personis
404 1953 521 1978 desieris
540 1954 608 1978 adeo
633 1954 707 1986 quod
724 1957 846 1987 urgente
862 1955 985 1979 necessi-

59 1999 118 2021 tate
132 1995 335 2021 inevitabiliter
348 1998 380 2022 ad
398 1998 472 2022 viam
489 1998 664 2023 defensionis
678 1999 797 2031 predicti
808 1998 984 2032 Friburgen-

58 2048 101 2065 ses
122 2046 322 2074 proponuntur
337 2041 484 2074 compulsi,
498 2050 551 2074 que
569 2043 661 2067 onmia
672 2043 815 2067 modicum
829 2043 936 2068 iustitie
956 2046 983 2068 et

58 2084 236 2110 discretionis
261 2087 425 2117 continent,
452 2086 500 2111 sed
520 2087 614 2111 verius
640 2095 671 2111 ex
695 2087 733 2111 eis
755 2095 923 2121 guerrarum
942 2088 983 2112 in-

61 2129 207 2154 commoda
231 2130 265 2154 ad
281 2130 471 2155 turbationem
495 2130 534 2154 rei
555 2130 668 2162 publice
686 2139 748 2155 cum
766 2132 919 2156 multorum
939 2132 982 2156 di-

58 2174 193 2205 spendio,
215 2176 298 2206 atque
316 2182 410 2199 rerum
435 2178 463 2199 et
486 2182 674 2207 personarum
690 2167 797 2200 iactura
816 2178 843 2200 et
859 2176 981 2209 pernitie

1055 273 1156 298 dietim
1180 278 1368 299 succrescunt
1390 278 1417 300 et
1438 277 1614 304 nutriuntur.
1643 279 1800 312 Cupientes
1825 282 1913 315 igitur
1941 291 1991 316 per

1053 317 1193 348 iustitiam
1214 326 1382 352 guerrarum
1406 320 1585 347 incommoda
1607 323 1780 350 huiusmodi
1806 330 1891 358 prout
1907 328 1990 351 nobis

1054 363 1190 393 tanquam
1207 363 1268 395 regi
1282 362 1475 388 Romanorum
1495 368 1579 397 atque
1596 367 1699 392 cultori
1723 369 1832 394 iustitie
1850 371 1990 396 incumbit

1054 407 1143 439 sopiri
1159 409 1187 431 et
1201 407 1234 432 de
1251 408 1342 432 medio
1359 409 1421 433 tolli
1435 410 1731 444 convenientibusque
1749 415 1882 439 remediis
1897 415 1941 440 his
1961 416 1989 440 in

1054 452 1140 476 rebus
1163 451 1203 476 rei
1220 451 1334 484 publice
1351 453 1504 478 salubriter
1522 455 1666 486 provideri
1691 457 1724 481 de
1744 459 1910 490 meritisque
1925 468 1988 484 caue

1055 502 1148 519 sarum
1172 496 1299 528 plenarie
1327 496 1471 521 informari
1498 501 1526 522 et
1550 501 1581 522 ut
1607 502 1708 524 neutra
1735 502 1859 533 partium
1884 504 1918 527 ob
1941 505 1988 528 de-

1058 540 1164 564 sectum
1192 540 1299 565 iustitie
1324 542 1534 572 quomodolibet
1558 544 1737 569 occasionem
1764 545 1867 571 habeat
1888 556 1988 579 quere*

1057 584 1147 614 landi,
1169 587 1195 609 tc
1222 585 1397 616 presentium
1416 589 1515 611 tenore
1534 588 1706 619 requirimus
1724 592 1752 614 et
1771 598 1921 615 monemus
1938 592 1987 617 tibi

1057 628 1186 653 districte
1213 630 1402 662 precipiendo,
1421 634 1561 662 quatenus
1585 639 1599 656 a
1616 633 1754 658 molestiis
1777 635 1986 660 turbationibus

1056 673 1290 705 oppressionibus
1307 674 1510 699 offensionibus
1527 678 1555 700 et
1572 676 1826 708 inquietationibus
1848 681 1985 711 pretaetis

1055 717 1175 742 desistas
1191 727 1435 750 personarumque
1451 722 1583 752 capturas
1600 722 1711 746 relaxes
1725 730 1788 746 cum
1804 724 1985 749 restitutione

1058 762 1218 786 ablatorum
1236 766 1263 786 et
1279 763 1476 788 emendatione
1495 772 1660 789 excessuum
1679 774 1912 799 quorumcunque
1936 776 1985 800 per

1057 808 1083 830 te
1108 805 1136 829 in
1161 814 1190 830 re
1219 807 1279 838 ipsa
1303 807 1448 832 illatorum
1478 811 1507 832 et
1528 811 1775 841 perpetratorum,
1797 811 1921 843 alioquin
1938 821 1985 835 co—

1054 857 1115 874 ram
1131 850 1212 874 nobis
1226 854 1274 875 aut
1290 855 1388 876 nostro
1404 853 1598 877 commissario
1614 853 1642 877 in
1660 854 1736 878 curia
1754 855 1833 888 regie
1850 856 1984 880 maiestffi

1054 894 1089 918 tis
1108 898 1205 919 nostre
1229 895 1272 919 die
1289 897 1473 929 nonagesima
1494 899 1561 931 post
1580 897 1742 922 huiusmodi
1757 902 1855 923 nostre
1874 900 1982 924 citatim

1054 939 1139 963 tionis
1160 939 1343 964 insinuationi
1368 940 1492 972 proxime
1515 941 1661 972 sequenti,
1686 950 1804 973 quarum
1824 944 1935 974 quidem
1950 946 1985 970 90

1055 983 1162 1006 dierum
1188 983 1295 1015 primos
1318 976 1353 1008 w
1373 983 1432 1008 (lies
1455 993 1505 1016 pro
1522 985 1627 1016 primo,
1648 985 1720 1009 alios
1737 987 1772 1011 30
1789 995 1840 1018 pro
1859 990 1982 1013 seeundo

1053 1027 1177 1058 reliquos
1195 1034 1261 1051 vero
1277 1028 1384 1052 aonios
1401 1036 1451 1060 pro
1469 1029 1660 1061 peremptorio
1682 1030 1804 1054 termino
1828 1032 1876 1056 tibi
1892 1033 1981 1065 assig-

1054 1071 1165 1101 nando,
1186 1071 1208 1095 si
1229 1071 1287 1095 dies
1305 1072 1364 1103 ipsa
1379 1072 1493 1096 iuridica
1509 1073 1608 1103 suerit,
1629 1073 1754 1104 alioquin
1772 1075 1861 1106 prima
1879 1076 1921 1100 ‹lie
1940 1078 1981 1101 iu-

1053 1115 1142 1139 ridica
1158 1115 1317 1140 immediate
1335 1117 1465 1147 sequenti
1485 1124 1648 1148 compareas
1668 1125 1719 1149 per
1735 1121 1762 1142 te
1781 1122 1829 1143 ant
1846 1128 1979 1152 procura>

1057 1163 1148 1184 torem
1166 1162 1244 1184 tuum
1269 1159 1301 1183 ad
1319 1167 1431 1184 cansam
1456 1163 1483 1185 et
1507 1168 1607 1184 causas
1629 1162 1790 1186 huiusmodi
1808 1163 1982 1190 instructum

1057 1208 1085 1229 et
1101 1204 1233 1228 mandato
1247 1204 1396 1228 suffultum
1413 1205 1567 1229 sufficienti
1586 1213 1649 1229 cum
1668 1206 1796 1231 omnibus
1815 1211 1842 1231 et
1860 1209 1982 1242 singulis

1056 1249 1126 1272 actis
1147 1248 1275 1273 acticatis
1292 1248 1399 1272 iuribus
1415 1248 1589 1281 privilegiis,
1618 1250 1765 1281 scripturis
1783 1254 1810 1275 et
1825 1253 1982 1278 monimen<

1057 1294 1092 1317 tis
1110 1293 1164 1317 tuis
1186 1292 1220 1316 ad
1236 1300 1349 1316 causam
1375 1295 1402 1316 et
1419 1301 1516 1317 causas
1535 1293 1699 1318 huiusmodi
1716 1296 1928 1325 quomodolibet
1941 1299 1981 1322 l'a-

1058 1336 1199 1360 cientibus
1218 1344 1248 1360 ac
1266 1337 1335 1360 alias
1352 1336 1463 1360 easdem
1481 1338 1720 1362 concernentibus
1737 1346 1823 1370 super
1838 1340 1918 1365 dictis
1941 1345 1982 1366 te>

1056 1380 1236 1404 meritatibus
1253 1380 1396 1404 violentiis
1415 1380 1522 1405 iniuriis
1534 1389 1565 1405 ac
1576 1382 1700 1413 ipsorum
1717 1383 1867 1408 occasione
1882 1388 1909 1410 et
1921 1389 1982 1410 toto

1056 1424 1175 1457 negotio
1194 1432 1247 1449 nec
1266 1432 1325 1449 non
1344 1432 1430 1456 super
1450 1425 1580 1450 omnibus
1600 1429 1628 1450 et
1651 1426 1773 1459 singulis
1794 1427 1843 1451 tibi
1863 1430 1981 1460 premis-

1058 1476 1154 1492 sorum
1174 1469 1321 1493 occasione
1348 1470 1431 1493 etiam
1460 1469 1571 1494 ratione
1592 1470 1713 1494 Romani
1734 1471 1843 1503 imperii
1865 1473 1982 1498 obitien-

1056 1513 1098 1536 dis
1121 1515 1149 1537 et
1168 1512 1251 1536 dictis
1271 1512 1513 1546 Friburgensibns
1542 1517 1591 1538 aut
1618 1522 1714 1538 eorum
1743 1517 1919 1547 procuratori
1939 1526 1981 1542 re-

1056 1565 1213 1588 sponsurus
1240 1557 1353 1581 visurus
1384 1561 1411 1582 et
1431 1558 1578 1582 auditurus
1598 1558 1631 1582 ad
1652 1566 1750 1583 omnes
1771 1563 1847 1584 actus
1868 1561 1981 1586 iudicia-

1055 1601 1095 1625 les
1125 1608 1213 1632 usque
1239 1601 1273 1625 ad
1299 1601 1498 1626 diffinitionem
1527 1602 1758 1627 terminationem
1785 1606 1813 1627 et
1840 1606 1980 1630 executio*

1054 1653 1119 1668 nem
1144 1645 1251 1669 debitas
1271 1645 1409 1670 inclusive
1430 1646 1542 1678 procedi
1563 1647 1667 1671 iustitia
1694 1647 1720 1671 id
1746 1648 1876 1680 exigente
1895 1654 1979 1681 prout

1055 1689 1123 1713 ordo
1143 1689 1333 1721 postulaverit
1353 1690 1420 1714 iuris
1446 1693 1474 1714 et
1494 1690 1610 1714 rationis
1632 1693 1660 1714 et
1681 1691 1757 1715 curie
1779 1694 1875 1716 nostre
1895 1694 1979 1718 maie-

1055 1734 1135 1758 statis
1165 1734 1250 1758 moris
1279 1737 1322 1758 est
1351 1738 1433 1766 atque
1455 1735 1520 1762 stili,
1543 1734 1733 1759 certificantes
1757 1738 1796 1763 te.
1827 1737 1901 1768 quod
1921 1739 1979 1763 sive

1054 1777 1129 1801 dicto
1150 1778 1290 1802 citationis
1316 1781 1414 1803 nostre
1440 1779 1560 1802 termino
1581 1781 1612 1802 ut
1632 1779 1802 1810 premissum
1823 1784 1881 1812 est,
1903 1790 1978 1806 com-

1054 1822 1183 1853 parueris
1204 1826 1252 1846 aut
1272 1822 1382 1846 miseris
1403 1823 1460 1847 sive
1489 1830 1547 1846 non
1566 1822 1752 1848 nibilominus
1782 1824 1815 1848 ad
1842 1826 1979 1857 premissa

1053 1865 1146 1890 omnia
1168 1869 1195 1890 et
1215 1866 1329 1899 singula
1348 1874 1401 1890 nec
1421 1875 1478 1891 non
1498 1866 1541 1890 liis
1562 1866 1589 1889 in
1609 1867 1692 1891 rebus
1713 1870 1798 1900 prout
1823 1869 1928 1894 iustum
1950 1873 1977 1894 ct

1052 1911 1138 1934 moris
1159 1910 1246 1934 suerit
1264 1912 1450 1943 procedemus
1476 1918 1507 1935 ac
1534 1911 1645 1942 procedi
1667 1912 1828 1936 curabimus
1849 1913 1977 1938 absentia

1053 1958 1100 1979 tua
1122 1962 1171 1979 seu
1193 1956 1369 1979 contumatia
1388 1955 1417 1979 in
1437 1956 1530 1987 aliquo
1550 1962 1607 1978 non
1628 1954 1768 1980 obstante.

1140 1998 1243 2023 Datum
1264 1999 1293 2023 in
1313 1998 1404 2023 Grecz
1431 1999 1522 2032 prima
1542 1999 1584 2023 die
1609 1999 1714 2023 mensis
1733 1999 1801 2024 Julii
1830 2009 1904 2025 anno
1925 2002 1976 2027 do-

1051 2043 1118 2068 mini
1139 2043 1289 2068 millesimo
1315 2044 1600 2077 quadringentesimo
1625 2043 1839 2077 quadragesimo
1867 2048 1974 2077 octavo,

1051 2087 1136 2121 regni
1155 2088 1246 2112 nostri
1267 2095 1342 2112 anno
1363 2096 1447 2112 nono.

1582 2130 1625 2156 Ad
1645 2131 1810 2157 mandatum

1498 2175 1603 2200 domini
1627 2176 1704 2209 regis
1726 2176 1754 2200 in
1774 2177 1902 2202 consilio.

117 2348 169 2377 82.
193 2349 290 2384 Papst
319 2350 477 2378 Nicotaus
505 2351 539 2380 V.
562 2350 696 2378 verleiltc
718 2351 787 2377 dem
811 2350 848 2377 K.
873 2351 1039 2378 Friedrich
1060 2350 1120 2386 Γᾶν
1142 2353 1228 2380 scine
1253 2352 1448 2380 Lebenszeic
1469 2353 1527 2379 das
1548 2351 1806 2380 Patronalsrecltt
1827 2354 1907 2381 iiber

199 2404 220 2430 5
244 2403 452 2438 aquilejixclze
475 2403 628 2439 Pfarren.
652 2404 767 2441 1448,
789 2402 917 2439 Auyusc
940 2405 995 2432 30.
1019 2405 1112 2439 chq.
1135 2406 1194 2434 No.
1217 2405 1317 2433 2471.

130 2475 262 2501 Nicolaus
285 2479 435 2511 episcopus
463 2487 563 2504 seruus
589 2486 739 2504 seruorum
766 2479 808 2503 dei
830 2479 975 2504 carissimo

60 2520 87 2544 in
109 2520 221 2544 Christo
237 2521 294 2545 filio
314 2522 463 2547 Frederico
484 2522 677 2548 Romanorum
697 2523 757 2557 regi
778 2523 881 2548 illustri
902 2523 976 2547 salu-

58 2568 113 2588 tem
129 2568 158 2588 et
172 2566 356 2596 apostolicam
369 2567 603 2592 benedictionem.
626 2567 741 2601 Regalis
762 2567 906 2601 dignitatis
922 2568 977 2592 cel-

59 2607 179 2633 situdine
195 2609 353 2640 conspicuis
370 2618 400 2634 ac
417 2619 531 2642 procer-e
546 2611 701 2636 nobilitatis
719 2618 823 2644 genere
839 2613 977 2644 preclaris

1043 2487 1113 2512 quos
1134 2481 1213 2511 quasi
1233 2479 1346 2512 speciali
1368 2479 1462 2504 diuina
1483 2479 1573 2513 gratia
1594 2486 1643 2512 pre
1654 2479 1757 2504 ceteris
1777 2481 1970 2513 copiosiusiu-

1044 2524 1162 2558 signiuit
1188 2526 1216 2548 ct
1236 2524 1269 2548 ad
1290 2523 1372 2547 huius
1394 2523 1469 2547 orbis
1490 2523 1613 2557 gerenda
1633 2523 1808 2556 principatus
1835 2528 1861 2548 et
1882 2525 1968 2550 domi-

1044 2567 1090 2593 nia
1111 2570 1175 2592 ante
1195 2567 1292 2592 mnndi
1313 2567 1545 2592 constitutionem
1563 2568 1665 2601 elegit,
1694 2567 1835 2602 preelegit
1856 2571 1883 2592 ct
1901 2576 1967 2593 euo-

1045 2611 1120 2637 cauit
1137 2611 1288 2637 altissinius
1305 2612 1339 2636 ad
1354 2611 1414 2636 eius
1431 2612 1540 2636 laudem
1557 2615 1582 2636 et
1600 2612 1720 2646 gloriam
1739 2620 1769 2636 ac
1784 2612 1967 2638 ecclesiarum

1708 2656 1776 2687 N
