<?xml version="1.0" encoding="UTF-8"?>
<!DOCTYPE html PUBLIC "-//W3C//DTD XHTML 1.0 Transitional//EN"
    "http://www.w3.org/TR/xhtml1/DTD/xhtml1-transitional.dtd">
<html xmlns="http://www.w3.org/1999/xhtml" xml:lang="en" lang="en">
 <head>
  <title>
</title>
<meta http-equiv="Content-Type" content="text/html;charset=utf-8" />
  <meta name='ocr-system' content='tesseract 3.04.00' />
  <meta name='ocr-capabilities' content='ocr_page ocr_carea ocr_par ocr_line ocrx_word'/>
</head>
<body>
  <div class='ocr_page' id='page_1' title='image "./regestachronolog01chmeuoft_0125.png"; bbox 0 0 2235 2859; ppageno 0'>
   <div class='ocr_carea' id='block_1_1' title="bbox 431 140 1698 201">
    <p class='ocr_par' dir='ltr' id='par_1_1' title="bbox 431 140 1698 201">
     <span class='ocr_line' id='line_1_1' title="bbox 431 140 1698 201; baseline -0.004 -13"><span class='ocrx_word' id='word_1_1' title='bbox 431 143 643 201; x_wconf 84' lang='lat' dir='ltr'><strong>Anhang.</strong></span> <span class='ocrx_word' id='word_1_2' title='bbox 675 141 838 200; x_wconf 72' lang='lat' dir='ltr'><strong>Konig</strong></span> <span class='ocrx_word' id='word_1_3' title='bbox 867 140 1116 185; x_wconf 78' lang='lat' dir='ltr'><strong>Friedrich</strong></span> <span class='ocrx_word' id='word_1_4' title='bbox 1146 140 1234 184; x_wconf 89' lang='lat' dir='ltr'><strong>IV.</strong></span> <span class='ocrx_word' id='word_1_5' title='bbox 1269 150 1388 193; x_wconf 75' lang='lat'>1451,</span> <span class='ocrx_word' id='word_1_6' title='bbox 1417 151 1611 185; x_wconf 77' lang='lat' dir='ltr'><strong>December</strong></span> <span class='ocrx_word' id='word_1_7' title='bbox 1638 149 1698 184; x_wconf 77' lang='grc'><strong>17.</strong></span> 
     </span>
    </p>
   </div>
   <div class='ocr_carea' id='block_1_2' title="bbox 1856 151 1972 186">
    <p class='ocr_par' dir='ltr' id='par_1_2' title="bbox 1856 151 1972 186">
     <span class='ocr_line' id='line_1_2' title="bbox 1856 151 1972 186; baseline 0.009 -1"><span class='ocrx_word' id='word_1_8' title='bbox 1856 151 1972 186; x_wconf 85' lang='lat' dir='ltr'>CXIII</span> 
     </span>
    </p>
   </div>
   <div class='ocr_carea' id='block_1_3' title="bbox 53 235 1957 256">
    <p class='ocr_par' dir='ltr' id='par_1_3' title="bbox 53 235 1957 256">
     <span class='ocr_line' id='line_1_3' title="bbox 53 235 1957 256; baseline 0 2603"><span class='ocrx_word' id='word_1_9' title='bbox 53 235 1957 256; x_wconf 95' lang='lat' dir='ltr'><strong> </strong></span> 
     </span>
    </p>
   </div>
   <div class='ocr_carea' id='block_1_4' title="bbox 54 251 1053 263">
    <p class='ocr_par' dir='ltr' id='par_1_4' title="bbox 54 251 1053 263">
     <span class='ocr_line' id='line_1_4' title="bbox 54 251 1053 263; baseline 0 2596"><span class='ocrx_word' id='word_1_10' title='bbox 54 251 1053 263; x_wconf 95' lang='lat' dir='ltr'><strong> </strong></span> 
     </span>
    </p>
   </div>
   <div class='ocr_carea' id='block_1_5' title="bbox 59 293 983 816">
    <p class='ocr_par' dir='ltr' id='par_1_5' title="bbox 59 293 983 816">
     <span class='ocr_line' id='line_1_5' title="bbox 59 293 981 331; baseline -0.009 -7"><span class='ocrx_word' id='word_1_11' title='bbox 59 299 179 331; x_wconf 78' lang='lat' dir='ltr'><strong>rationi,</strong></span> <span class='ocrx_word' id='word_1_12' title='bbox 197 297 326 330; x_wconf 87' lang='lat' dir='ltr'><strong>partibus</strong></span> <span class='ocrx_word' id='word_1_13' title='bbox 349 296 485 330; x_wconf 78' lang='lat' dir='ltr'>predictis</span> <span class='ocrx_word' id='word_1_14' title='bbox 506 297 616 321; x_wconf 83' lang='lat' dir='ltr'><strong>matura</strong></span> <span class='ocrx_word' id='word_1_15' title='bbox 637 303 668 320; x_wconf 91' lang='lat' dir='ltr'><strong>ac</strong></span> <span class='ocrx_word' id='word_1_16' title='bbox 682 294 756 319; x_wconf 87' lang='lat' dir='ltr'><strong>bona</strong></span> <span class='ocrx_word' id='word_1_17' title='bbox 770 293 981 324; x_wconf 79' lang='lat' dir='ltr'><strong>deliberatione,</strong></span> 
     </span>
     <span class='ocr_line' id='line_1_6' title="bbox 61 337 982 375; baseline -0.009 -7"><span class='ocrx_word' id='word_1_18' title='bbox 61 350 186 375; x_wconf 85' lang='lat' dir='ltr'><strong>sanoque</strong></span> <span class='ocrx_word' id='word_1_19' title='bbox 206 341 365 375; x_wconf 81' lang='lat' dir='ltr'><strong>principum</strong></span> <span class='ocrx_word' id='word_1_20' title='bbox 389 341 523 365; x_wconf 89' lang='lat' dir='ltr'><strong>comitum</strong></span> <span class='ocrx_word' id='word_1_21' title='bbox 540 340 680 365; x_wconf 84' lang='lat' dir='ltr'><strong>baronum</strong></span> <span class='ocrx_word' id='word_1_22' title='bbox 703 346 735 363; x_wconf 88' lang='lat' dir='ltr'><strong>ac</strong></span> <span class='ocrx_word' id='word_1_23' title='bbox 752 337 877 362; x_wconf 86' lang='lat' dir='ltr'><strong>fidelium</strong></span> <span class='ocrx_word' id='word_1_24' title='bbox 896 337 982 361; x_wconf 88' lang='lat' dir='ltr'><strong>dilec-</strong></span> 
     </span>
     <span class='ocr_line' id='line_1_7' title="bbox 61 380 982 414; baseline -0.009 -2"><span class='ocrx_word' id='word_1_25' title='bbox 61 391 156 413; x_wconf 87' lang='lat' dir='ltr'><strong>torum</strong></span> <span class='ocrx_word' id='word_1_26' title='bbox 175 388 341 411; x_wconf 86' lang='lat' dir='ltr'><strong>nostrorum</strong></span> <span class='ocrx_word' id='word_1_27' title='bbox 362 385 513 410; x_wconf 73' lang='lat' dir='ltr'><strong>accedente</strong></span> <span class='ocrx_word' id='word_1_28' title='bbox 534 383 660 414; x_wconf 86' lang='lat' dir='ltr'><strong>consilio,</strong></span> <span class='ocrx_word' id='word_1_29' title='bbox 679 380 754 406; x_wconf 87' lang='lat' dir='ltr'><strong>diem</strong></span> <span class='ocrx_word' id='word_1_30' title='bbox 770 381 918 413; x_wconf 82' lang='lat' dir='ltr'><strong>juridicam</strong></span> <span class='ocrx_word' id='word_1_31' title='bbox 937 389 982 405; x_wconf 89' lang='lat' dir='ltr'><strong>co-</strong></span> 
     </span>
     <span class='ocr_line' id='line_1_8' title="bbox 61 424 983 458; baseline -0.008 -3"><span class='ocrx_word' id='word_1_32' title='bbox 61 439 120 456; x_wconf 86' lang='lat' dir='ltr'><strong>ram</strong></span> <span class='ocrx_word' id='word_1_33' title='bbox 137 429 218 455; x_wconf 86' lang='lat' dir='ltr'><strong>nobis</strong></span> <span class='ocrx_word' id='word_1_34' title='bbox 236 433 285 454; x_wconf 79' lang='lat' dir='ltr'><strong>aut</strong></span> <span class='ocrx_word' id='word_1_35' title='bbox 297 429 491 454; x_wconf 73' lang='lat' dir='ltr'><strong>commissario</strong></span> <span class='ocrx_word' id='word_1_36' title='bbox 515 430 614 452; x_wconf 89' lang='lat' dir='ltr'><strong>nostro</strong></span> <span class='ocrx_word' id='word_1_37' title='bbox 631 427 697 458; x_wconf 82' lang='lat' dir='ltr'><strong>ipsis</strong></span> <span class='ocrx_word' id='word_1_38' title='bbox 724 427 752 450; x_wconf 93' lang='lat' dir='ltr'><strong>in</strong></span> <span class='ocrx_word' id='word_1_39' title='bbox 768 426 822 450; x_wconf 87' lang='lat' dir='ltr'><strong>hac</strong></span> <span class='ocrx_word' id='word_1_40' title='bbox 840 427 920 458; x_wconf 85' lang='lat' dir='ltr'><strong>parte</strong></span> <span class='ocrx_word' id='word_1_41' title='bbox 936 424 983 449; x_wconf 90' lang='lat' dir='ltr'><strong>de-</strong></span> 
     </span>
     <span class='ocr_line' id='line_1_9' title="bbox 60 472 981 508; baseline -0.008 -9"><span class='ocrx_word' id='word_1_42' title='bbox 60 474 186 508; x_wconf 88' lang='lat' dir='ltr'><strong>putando</strong></span> <span class='ocrx_word' id='word_1_43' title='bbox 210 472 287 498; x_wconf 83' lang='lat' dir='ltr'><strong>iuxta</strong></span> <span class='ocrx_word' id='word_1_44' title='bbox 311 473 514 498; x_wconf 78' lang='lat' dir='ltr'><strong>continentiam</strong></span> <span class='ocrx_word' id='word_1_45' title='bbox 536 472 686 496; x_wconf 89' lang='lat' dir='ltr'><strong>literarum</strong></span> <span class='ocrx_word' id='word_1_46' title='bbox 715 472 876 494; x_wconf 89' lang='lat' dir='ltr'><strong>nostrarum</strong></span> <span class='ocrx_word' id='word_1_47' title='bbox 899 476 981 502; x_wconf 77' lang='lat' dir='ltr'><strong>rega-</strong></span> 
     </span>
     <span class='ocr_line' id='line_1_10' title="bbox 61 514 981 551; baseline -0.007 -8"><span class='ocrx_word' id='word_1_48' title='bbox 61 518 129 543; x_wconf 91' lang='lat' dir='ltr'><strong>lium</strong></span> <span class='ocrx_word' id='word_1_49' title='bbox 153 518 274 551; x_wconf 82' lang='lat' dir='ltr'><strong>desuper</strong></span> <span class='ocrx_word' id='word_1_50' title='bbox 297 520 492 543; x_wconf 87' lang='lat' dir='ltr'><strong>emanatarum</strong></span> <span class='ocrx_word' id='word_1_51' title='bbox 513 514 692 548; x_wconf 88' lang='lat' dir='ltr'><strong>comparendi</strong></span> <span class='ocrx_word' id='word_1_52' title='bbox 715 514 879 546; x_wconf 83' lang='lat' dir='ltr'><strong>prefiximus</strong></span> <span class='ocrx_word' id='word_1_53' title='bbox 898 518 981 545; x_wconf 90' lang='lat' dir='ltr'><strong>atque</strong></span> 
     </span>
     <span class='ocr_line' id='line_1_11' title="bbox 60 557 982 594; baseline -0.005 -7"><span class='ocrx_word' id='word_1_54' title='bbox 60 562 229 587; x_wconf 75' lang='lat' dir='ltr'><strong>statuimus.</strong></span> <span class='ocrx_word' id='word_1_55' title='bbox 251 562 393 594; x_wconf 76' lang='lat' dir='ltr'><strong>Quocirca</strong></span> <span class='ocrx_word' id='word_1_56' title='bbox 415 561 582 586; x_wconf 87' lang='lat' dir='ltr'><strong>auctoritate</strong></span> <span class='ocrx_word' id='word_1_57' title='bbox 602 561 701 583; x_wconf 85' lang='lat' dir='ltr'><strong>nostra</strong></span> <span class='ocrx_word' id='word_1_58' title='bbox 724 558 816 592; x_wconf 84' lang='lat' dir='ltr'><strong>regali</strong></span> <span class='ocrx_word' id='word_1_59' title='bbox 839 557 890 583; x_wconf 90' lang='lat' dir='ltr'><strong>tibi</strong></span> <span class='ocrx_word' id='word_1_60' title='bbox 907 558 982 583; x_wconf 88' lang='lat' dir='ltr'><strong>duci-</strong></span> 
     </span>
     <span class='ocr_line' id='line_1_12' title="bbox 60 603 981 636; baseline -0.005 -5"><span class='ocrx_word' id='word_1_61' title='bbox 60 614 124 631; x_wconf 88' lang='lat' dir='ltr'><strong>mus</strong></span> <span class='ocrx_word' id='word_1_62' title='bbox 143 607 326 631; x_wconf 90' lang='lat' dir='ltr'><strong>inhibendum</strong></span> <span class='ocrx_word' id='word_1_63' title='bbox 351 614 381 631; x_wconf 85' lang='lat' dir='ltr'><strong>ac</strong></span> <span class='ocrx_word' id='word_1_64' title='bbox 397 608 496 630; x_wconf 87' lang='lat' dir='ltr'><strong>tenore</strong></span> <span class='ocrx_word' id='word_1_65' title='bbox 510 603 685 636; x_wconf 88' lang='lat' dir='ltr'><strong>presentium</strong></span> <span class='ocrx_word' id='word_1_66' title='bbox 699 603 876 634; x_wconf 76' lang='lat' dir='ltr'><strong>inhibemus,</strong></span> <span class='ocrx_word' id='word_1_67' title='bbox 896 610 932 627; x_wconf 93' lang='lat' dir='ltr'><strong>ne</strong></span> <span class='ocrx_word' id='word_1_68' title='bbox 950 605 981 627; x_wconf 89' lang='lat' dir='ltr'><strong>tu</strong></span> 
     </span>
     <span class='ocr_line' id='line_1_13' title="bbox 61 646 982 683; baseline -0.004 -8"><span class='ocrx_word' id='word_1_69' title='bbox 61 653 127 683; x_wconf 89' lang='lat' dir='ltr'><strong>post</strong></span> <span class='ocrx_word' id='word_1_70' title='bbox 143 650 305 675; x_wconf 92' lang='lat' dir='ltr'><strong>huiusmodi</strong></span> <span class='ocrx_word' id='word_1_71' title='bbox 319 648 515 682; x_wconf 80' lang='lat' dir='ltr'><strong>appellationis</strong></span> <span class='ocrx_word' id='word_1_72' title='bbox 533 646 781 680; x_wconf 85' lang='lat' dir='ltr'><strong>interpositionem</strong></span> <span class='ocrx_word' id='word_1_73' title='bbox 797 647 825 671; x_wconf 91' lang='lat' dir='ltr'><strong>in</strong></span> <span class='ocrx_word' id='word_1_74' title='bbox 836 655 921 672; x_wconf 89' lang='lat' dir='ltr'><strong>causa</strong></span> <span class='ocrx_word' id='word_1_75' title='bbox 932 654 982 671; x_wconf 85' lang='lat' dir='ltr'><strong>seu</strong></span> 
     </span>
     <span class='ocr_line' id='line_1_14' title="bbox 61 691 982 725; baseline -0.004 -6"><span class='ocrx_word' id='word_1_76' title='bbox 61 694 153 719; x_wconf 86' lang='lat' dir='ltr'><strong>causis</strong></span> <span class='ocrx_word' id='word_1_77' title='bbox 173 694 333 718; x_wconf 85' lang='lat' dir='ltr'><strong>huiusmodi</strong></span> <span class='ocrx_word' id='word_1_78' title='bbox 353 694 381 718; x_wconf 89' lang='lat' dir='ltr'><strong>in</strong></span> <span class='ocrx_word' id='word_1_79' title='bbox 397 692 584 725; x_wconf 85' lang='lat' dir='ltr'><strong>preiudicium</strong></span> <span class='ocrx_word' id='word_1_80' title='bbox 599 691 655 716; x_wconf 85' lang='lat' dir='ltr'><strong>litis</strong></span> <span class='ocrx_word' id='word_1_81' title='bbox 673 691 828 724; x_wconf 89' lang='lat' dir='ltr'><strong>pendeneie</strong></span> <span class='ocrx_word' id='word_1_82' title='bbox 851 700 882 716; x_wconf 85' lang='lat' dir='ltr'><strong>ac</strong></span> <span class='ocrx_word' id='word_1_83' title='bbox 901 698 982 724; x_wconf 79' lang='lat' dir='ltr'><strong>rega-</strong></span> 
     </span>
     <span class='ocr_line' id='line_1_15' title="bbox 62 736 981 769; baseline -0.003 -6"><span class='ocrx_word' id='word_1_84' title='bbox 62 738 94 762; x_wconf 86' lang='lat' dir='ltr'><strong>lis</strong></span> <span class='ocrx_word' id='word_1_85' title='bbox 110 740 208 763; x_wconf 82' lang='lat' dir='ltr'><strong>nostre</strong></span> <span class='ocrx_word' id='word_1_86' title='bbox 223 737 420 762; x_wconf 86' lang='lat' dir='ltr'><strong>iurisdictionis</strong></span> <span class='ocrx_word' id='word_1_87' title='bbox 436 739 465 761; x_wconf 88' lang='lat' dir='ltr'><strong>et</strong></span> <span class='ocrx_word' id='word_1_88' title='bbox 478 736 629 769; x_wconf 87' lang='lat' dir='ltr'><strong>potestatis</strong></span> <span class='ocrx_word' id='word_1_89' title='bbox 648 737 843 768; x_wconf 89' lang='lat' dir='ltr'><strong>contemptum</strong></span> <span class='ocrx_word' id='word_1_90' title='bbox 867 738 896 760; x_wconf 90' lang='lat' dir='ltr'><strong>et</strong></span> <span class='ocrx_word' id='word_1_91' title='bbox 915 736 981 760; x_wconf 89' lang='lat' dir='ltr'><strong>dicti</strong></span> 
     </span>
     <span class='ocr_line' id='line_1_16' title="bbox 63 780 982 816; baseline -0.003 -9"><span class='ocrx_word' id='word_1_92' title='bbox 63 782 139 807; x_wconf 86' lang='lat' dir='ltr'><strong>ducis</strong></span> <span class='ocrx_word' id='word_1_93' title='bbox 157 781 330 816; x_wconf 81' lang='lat' dir='ltr'><strong>Sigismnndi</strong></span> <span class='ocrx_word' id='word_1_94' title='bbox 350 780 534 814; x_wconf 88' lang='lat' dir='ltr'><strong>preiudicium</strong></span> <span class='ocrx_word' id='word_1_95' title='bbox 554 787 606 813; x_wconf 82' lang='lat' dir='ltr'><strong>per</strong></span> <span class='ocrx_word' id='word_1_96' title='bbox 627 782 654 804; x_wconf 90' lang='lat' dir='ltr'><strong>te</strong></span> <span class='ocrx_word' id='word_1_97' title='bbox 679 780 724 804; x_wconf 82' lang='lat' dir='ltr'><strong>vel</strong></span> <span class='ocrx_word' id='word_1_98' title='bbox 738 780 825 804; x_wconf 89' lang='lat' dir='ltr'><strong>alium</strong></span> <span class='ocrx_word' id='word_1_99' title='bbox 843 788 893 805; x_wconf 82' lang='lat' dir='ltr'><strong>sen</strong></span> <span class='ocrx_word' id='word_1_100' title='bbox 912 780 982 805; x_wconf 89' lang='lat' dir='ltr'><strong>alios</strong></span> 
     </span>
    </p>
   </div>
   <div class='ocr_carea' id='block_1_6' title="bbox 1045 291 1976 768">
    <p class='ocr_par' dir='ltr' id='par_1_6' title="bbox 1045 291 1976 627">
     <span class='ocr_line' id='line_1_17' title="bbox 1047 291 1970 326; baseline 0.001 -9"><span class='ocrx_word' id='word_1_101' title='bbox 1047 300 1242 325; x_wconf 85' lang='lat' dir='ltr'><strong>quoscumque</strong></span> <span class='ocrx_word' id='word_1_102' title='bbox 1256 291 1368 324; x_wconf 91' lang='lat' dir='ltr'><strong>publice</strong></span> <span class='ocrx_word' id='word_1_103' title='bbox 1384 292 1426 315; x_wconf 80' lang='lat' dir='ltr'><strong>vel</strong></span> <span class='ocrx_word' id='word_1_104' title='bbox 1444 292 1554 317; x_wconf 76' lang='lat' dir='ltr'><strong>occulte</strong></span> <span class='ocrx_word' id='word_1_105' title='bbox 1571 292 1676 317; x_wconf 79' lang='lat' dir='ltr'><strong>directe</strong></span> <span class='ocrx_word' id='word_1_106' title='bbox 1694 293 1740 318; x_wconf 84' lang='lat' dir='ltr'><strong>vel</strong></span> <span class='ocrx_word' id='word_1_107' title='bbox 1755 292 1892 318; x_wconf 84' lang='lat' dir='ltr'><strong>indirecte</strong></span> <span class='ocrx_word' id='word_1_108' title='bbox 1903 302 1970 326; x_wconf 35' lang='lat' dir='ltr'><strong>quo*</strong></span> 
     </span>
     <span class='ocr_line' id='line_1_18' title="bbox 1045 336 1970 370; baseline 0 -9"><span class='ocrx_word' id='word_1_109' title='bbox 1045 336 1088 361; x_wconf 82' lang='lat' dir='ltr'><strong>vis</strong></span> <span class='ocrx_word' id='word_1_110' title='bbox 1105 336 1215 368; x_wconf 86' lang='lat' dir='ltr'><strong>quesito</strong></span> <span class='ocrx_word' id='word_1_111' title='bbox 1231 337 1325 360; x_wconf 87' lang='lat' dir='ltr'><strong>colore</strong></span> <span class='ocrx_word' id='word_1_112' title='bbox 1341 336 1490 370; x_wconf 86' lang='lat' dir='ltr'><strong>quicquam</strong></span> <span class='ocrx_word' id='word_1_113' title='bbox 1510 339 1682 368; x_wconf 78' lang='lat' dir='ltr'><strong>attemptare</strong></span> <span class='ocrx_word' id='word_1_114' title='bbox 1700 337 1744 362; x_wconf 86' lang='lat' dir='ltr'><strong>vel</strong></span> <span class='ocrx_word' id='word_1_115' title='bbox 1761 337 1898 362; x_wconf 78' lang='lat' dir='ltr'><strong>innovare</strong></span> <span class='ocrx_word' id='word_1_116' title='bbox 1917 346 1970 363; x_wconf 71' lang='lat' dir='ltr'><strong>nei·</strong></span> 
     </span>
     <span class='ocr_line' id='line_1_19' title="bbox 1047 380 1972 414; baseline 0.002 -10"><span class='ocrx_word' id='word_1_117' title='bbox 1047 381 1074 404; x_wconf 92' lang='lat' dir='ltr'><strong>in</strong></span> <span class='ocrx_word' id='word_1_118' title='bbox 1091 387 1173 405; x_wconf 85' lang='lat' dir='ltr'><strong>causa</strong></span> <span class='ocrx_word' id='word_1_119' title='bbox 1192 380 1252 405; x_wconf 82' lang='lat' dir='ltr'><strong>sive</strong></span> <span class='ocrx_word' id='word_1_120' title='bbox 1268 380 1358 405; x_wconf 84' lang='lat' dir='ltr'><strong>causis</strong></span> <span class='ocrx_word' id='word_1_121' title='bbox 1377 380 1520 412; x_wconf 84' lang='lat' dir='ltr'><strong>premissis</strong></span> <span class='ocrx_word' id='word_1_122' title='bbox 1540 380 1614 404; x_wconf 89' lang='lat' dir='ltr'><strong>inter</strong></span> <span class='ocrx_word' id='word_1_123' title='bbox 1631 383 1726 413; x_wconf 88' lang='lat' dir='ltr'><strong>partes</strong></span> <span class='ocrx_word' id='word_1_124' title='bbox 1738 382 1862 414; x_wconf 75' lang='lat' dir='ltr'><strong>prefatas</strong></span> <span class='ocrx_word' id='word_1_125' title='bbox 1878 382 1911 407; x_wconf 90' lang='lat' dir='ltr'><strong>de</strong></span> <span class='ocrx_word' id='word_1_126' title='bbox 1930 391 1972 406; x_wconf 62' lang='lat' dir='ltr'><strong>ce&lt;</strong></span> 
     </span>
     <span class='ocr_line' id='line_1_20' title="bbox 1046 423 1973 459; baseline 0.002 -10"><span class='ocrx_word' id='word_1_127' title='bbox 1046 427 1107 450; x_wconf 89' lang='lat' dir='ltr'><strong>tero</strong></span> <span class='ocrx_word' id='word_1_128' title='bbox 1132 427 1231 449; x_wconf 85' lang='lat' dir='ltr'><strong>contra</strong></span> <span class='ocrx_word' id='word_1_129' title='bbox 1249 423 1391 456; x_wconf 84' lang='lat' dir='ltr'><strong>presentis</strong></span> <span class='ocrx_word' id='word_1_130' title='bbox 1413 427 1510 448; x_wconf 87' lang='lat' dir='ltr'><strong>nostre</strong></span> <span class='ocrx_word' id='word_1_131' title='bbox 1533 424 1713 449; x_wconf 78' lang='lat' dir='ltr'><strong>inhibitionis</strong></span> <span class='ocrx_word' id='word_1_132' title='bbox 1730 428 1859 450; x_wconf 81' lang='lat' dir='ltr'><strong>tenorem</strong></span> <span class='ocrx_word' id='word_1_133' title='bbox 1876 435 1973 459; x_wconf 40' lang='lat' dir='ltr'><strong>proce*</strong></span> 
     </span>
     <span class='ocr_line' id='line_1_21' title="bbox 1047 468 1975 501; baseline 0.003 -8"><span class='ocrx_word' id='word_1_134' title='bbox 1047 469 1112 494; x_wconf 78' lang='lat' dir='ltr'><strong>dere</strong></span> <span class='ocrx_word' id='word_1_135' title='bbox 1129 476 1286 501; x_wconf 80' lang='lat' dir='ltr'><strong>presumas,</strong></span> <span class='ocrx_word' id='word_1_136' title='bbox 1306 468 1380 500; x_wconf 84' lang='lat' dir='ltr'><strong>quod</strong></span> <span class='ocrx_word' id='word_1_137' title='bbox 1396 468 1418 493; x_wconf 92' lang='lat' dir='ltr'><strong>si</strong></span> <span class='ocrx_word' id='word_1_138' title='bbox 1436 476 1517 492; x_wconf 86' lang='lat' dir='ltr'><strong>secus</strong></span> <span class='ocrx_word' id='word_1_139' title='bbox 1535 469 1640 493; x_wconf 78' lang='lat' dir='ltr'><strong>sactum</strong></span> <span class='ocrx_word' id='word_1_140' title='bbox 1658 469 1758 500; x_wconf 82' lang='lat' dir='ltr'><strong>suerit,</strong></span> <span class='ocrx_word' id='word_1_141' title='bbox 1779 469 1804 494; x_wconf 87' lang='lat' dir='ltr'><strong>id</strong></span> <span class='ocrx_word' id='word_1_142' title='bbox 1821 473 1912 495; x_wconf 89' lang='lat' dir='ltr'><strong>totum</strong></span> <span class='ocrx_word' id='word_1_143' title='bbox 1928 479 1975 496; x_wconf 88' lang='lat' dir='ltr'><strong>re—</strong></span> 
     </span>
     <span class='ocr_line' id='line_1_22' title="bbox 1047 512 1976 546; baseline 0.003 -9"><span class='ocrx_word' id='word_1_144' title='bbox 1047 521 1149 538; x_wconf 86' lang='lat' dir='ltr'><strong>vocare</strong></span> <span class='ocrx_word' id='word_1_145' title='bbox 1160 513 1225 537; x_wconf 86' lang='lat' dir='ltr'><strong>etin</strong></span> <span class='ocrx_word' id='word_1_146' title='bbox 1235 513 1386 546; x_wconf 87' lang='lat' dir='ltr'><strong>pristinum</strong></span> <span class='ocrx_word' id='word_1_147' title='bbox 1406 515 1511 536; x_wconf 88' lang='lat' dir='ltr'><strong>statum</strong></span> <span class='ocrx_word' id='word_1_148' title='bbox 1520 512 1659 537; x_wconf 81' lang='lat' dir='ltr'><strong>reducere</strong></span> <span class='ocrx_word' id='word_1_149' title='bbox 1676 515 1704 537; x_wconf 85' lang='lat' dir='ltr'><strong>et</strong></span> <span class='ocrx_word' id='word_1_150' title='bbox 1718 513 1785 537; x_wconf 85' lang='lat' dir='ltr'><strong>alias</strong></span> <span class='ocrx_word' id='word_1_151' title='bbox 1801 522 1886 545; x_wconf 89' lang='lat' dir='ltr'><strong>penas</strong></span> <span class='ocrx_word' id='word_1_152' title='bbox 1897 515 1976 540; x_wconf 85' lang='lat' dir='ltr'><strong>iuxta</strong></span> 
     </span>
     <span class='ocr_line' id='line_1_23' title="bbox 1048 557 1975 590; baseline 0.003 -9"><span class='ocrx_word' id='word_1_153' title='bbox 1048 558 1114 582; x_wconf 78' lang='lat' dir='ltr'><strong>facti</strong></span> <span class='ocrx_word' id='word_1_154' title='bbox 1133 559 1160 581; x_wconf 86' lang='lat' dir='ltr'><strong>et</strong></span> <span class='ocrx_word' id='word_1_155' title='bbox 1176 564 1306 582; x_wconf 84' lang='lat' dir='ltr'><strong>excessus</strong></span> <span class='ocrx_word' id='word_1_156' title='bbox 1330 557 1497 589; x_wconf 83' lang='lat' dir='ltr'><strong>qualitatem</strong></span> <span class='ocrx_word' id='word_1_157' title='bbox 1514 557 1670 590; x_wconf 86' lang='lat' dir='ltr'><strong>procedere</strong></span> <span class='ocrx_word' id='word_1_158' title='bbox 1689 558 1851 583; x_wconf 85' lang='lat' dir='ltr'><strong>curabimus</strong></span> <span class='ocrx_word' id='word_1_159' title='bbox 1866 559 1975 584; x_wconf 87' lang='lat' dir='ltr'><strong>iustitia</strong></span> 
     </span>
     <span class='ocr_line' id='line_1_24' title="bbox 1047 602 1200 627; baseline -0.013 0"><span class='ocrx_word' id='word_1_160' title='bbox 1047 602 1200 627; x_wconf 84' lang='lat' dir='ltr'><strong>mediante.</strong></span> 
     </span>
    </p>

    <p class='ocr_par' dir='ltr' id='par_1_7' title="bbox 1048 643 1974 768">
     <span class='ocr_line' id='line_1_25' title="bbox 1118 643 1972 678; baseline 0.002 -8"><span class='ocrx_word' id='word_1_161' title='bbox 1118 645 1221 670; x_wconf 88' lang='lat' dir='ltr'><strong>Datum</strong></span> <span class='ocrx_word' id='word_1_162' title='bbox 1239 645 1354 670; x_wconf 87' lang='lat' dir='ltr'><strong>Wienne</strong></span> <span class='ocrx_word' id='word_1_163' title='bbox 1374 643 1512 678; x_wconf 74' lang='lat' dir='ltr'><strong>vigesima</strong></span> <span class='ocrx_word' id='word_1_164' title='bbox 1532 647 1608 670; x_wconf 78' lang='lat' dir='ltr'><strong>sexta</strong></span> <span class='ocrx_word' id='word_1_165' title='bbox 1629 645 1673 670; x_wconf 86' lang='lat' dir='ltr'><strong>die</strong></span> <span class='ocrx_word' id='word_1_166' title='bbox 1690 646 1795 670; x_wconf 80' lang='lat' dir='ltr'><strong>mensis</strong></span> <span class='ocrx_word' id='word_1_167' title='bbox 1808 645 1877 677; x_wconf 78' lang='lat' dir='ltr'><strong>Maji</strong></span> <span class='ocrx_word' id='word_1_168' title='bbox 1898 655 1972 672; x_wconf 87' lang='lat' dir='ltr'><strong>anno</strong></span> 
     </span>
     <span class='ocr_line' id='line_1_26' title="bbox 1048 688 1974 724; baseline 0.001 -10"><span class='ocrx_word' id='word_1_169' title='bbox 1048 690 1152 715; x_wconf 89' lang='lat' dir='ltr'><strong>domini</strong></span> <span class='ocrx_word' id='word_1_170' title='bbox 1163 688 1315 714; x_wconf 88' lang='lat' dir='ltr'><strong>millesimo</strong></span> <span class='ocrx_word' id='word_1_171' title='bbox 1330 690 1613 723; x_wconf 82' lang='lat' dir='ltr'><strong>quadringentesimo</strong></span> <span class='ocrx_word' id='word_1_172' title='bbox 1625 690 1862 724; x_wconf 83' lang='lat' dir='ltr'><strong>quinquagesimo</strong></span> <span class='ocrx_word' id='word_1_173' title='bbox 1873 692 1974 724; x_wconf 86' lang='lat' dir='ltr'><strong>primo,</strong></span> 
     </span>
     <span class='ocr_line' id='line_1_27' title="bbox 1048 733 1533 768; baseline -0.004 -9"><span class='ocrx_word' id='word_1_174' title='bbox 1048 734 1132 768; x_wconf 81' lang='lat' dir='ltr'><strong>regni</strong></span> <span class='ocrx_word' id='word_1_175' title='bbox 1152 734 1243 759; x_wconf 84' lang='lat' dir='ltr'><strong>nostri</strong></span> <span class='ocrx_word' id='word_1_176' title='bbox 1264 741 1337 758; x_wconf 89' lang='lat' dir='ltr'><strong>anno</strong></span> <span class='ocrx_word' id='word_1_177' title='bbox 1358 733 1533 758; x_wconf 88' lang='lat' dir='ltr'><strong>duodecimo.</strong></span> 
     </span>
    </p>
   </div>
   <div class='ocr_carea' id='block_1_7' title="bbox 223 978 1835 1018">
    <p class='ocr_par' dir='ltr' id='par_1_8' title="bbox 223 978 1835 1018">
     <span class='ocr_line' id='line_1_28' title="bbox 223 978 1835 1018; baseline 0.001 -10"><span class='ocrx_word' id='word_1_178' title='bbox 223 981 273 1011; x_wconf 76' lang='lat'><strong>92.</strong></span> <span class='ocrx_word' id='word_1_179' title='bbox 298 982 396 1018; x_wconf 82' lang='lat' dir='ltr'><strong>Papsc</strong></span> <span class='ocrx_word' id='word_1_180' title='bbox 416 982 570 1011; x_wconf 80' lang='lat' dir='ltr'><strong>Nicolaus</strong></span> <span class='ocrx_word' id='word_1_181' title='bbox 597 982 632 1011; x_wconf 91' lang='lat' dir='ltr'><strong>V.</strong></span> <span class='ocrx_word' id='word_1_182' title='bbox 654 982 721 1018; x_wconf 75' lang='lat' dir='ltr'><strong>yibc</strong></span> <span class='ocrx_word' id='word_1_183' title='bbox 743 982 813 1009; x_wconf 82' lang='lat' dir='ltr'><strong>dem</strong></span> <span class='ocrx_word' id='word_1_184' title='bbox 834 980 875 1010; x_wconf 92' lang='lat' dir='ltr'><strong>K.</strong></span> <span class='ocrx_word' id='word_1_185' title='bbox 899 978 1069 1008; x_wconf 80' lang='lat' dir='ltr'><strong>Friedrich</strong></span> <span class='ocrx_word' id='word_1_186' title='bbox 1092 980 1188 1008; x_wconf 80' lang='lat' dir='ltr'><strong>einen</strong></span> <span class='ocrx_word' id='word_1_187' title='bbox 1212 978 1420 1015; x_wconf 74' lang='lat' dir='ltr'><strong>Geleicsbrief&#39;</strong></span> <span class='ocrx_word' id='word_1_188' title='bbox 1440 986 1504 1007; x_wconf 72' lang='lat' dir='ltr'><strong>zm·</strong></span> <span class='ocrx_word' id='word_1_189' title='bbox 1525 979 1620 1007; x_wconf 81' lang='lat' dir='ltr'><strong>Rez‘se</strong></span> <span class='ocrx_word' id='word_1_190' title='bbox 1643 979 1724 1007; x_wconf 72' lang='lat' dir='ltr'><strong>nach</strong></span> <span class='ocrx_word' id='word_1_191' title='bbox 1748 980 1835 1009; x_wconf 80' lang='lat' dir='ltr'><strong>Rom.</strong></span> 
     </span>
    </p>
   </div>
   <div class='ocr_carea' id='block_1_8' title="bbox 295 1034 1001 1072">
    <p class='ocr_par' dir='ltr' id='par_1_9' title="bbox 295 1034 1001 1072">
     <span class='ocr_line' id='line_1_29' title="bbox 295 1034 1001 1072; baseline -0.001 -8"><span class='ocrx_word' id='word_1_192' title='bbox 295 1036 400 1072; x_wconf 81' lang='lat'><em>1451,</em></span> <span class='ocrx_word' id='word_1_193' title='bbox 423 1035 598 1063; x_wconf 84' lang='lat' dir='ltr'><strong>December</strong></span> <span class='ocrx_word' id='word_1_194' title='bbox 619 1037 672 1065; x_wconf 84' lang='lat'><strong>17.</strong></span> <span class='ocrx_word' id='word_1_195' title='bbox 702 1036 796 1071; x_wconf 72' lang='lat' dir='ltr'><strong>Reyy.</strong></span> <span class='ocrx_word' id='word_1_196' title='bbox 818 1035 878 1063; x_wconf 87' lang='lat' dir='ltr'><strong>No.</strong></span> <span class='ocrx_word' id='word_1_197' title='bbox 895 1034 1001 1063; x_wconf 78' lang='lat'><strong><em>2747.</em></strong></span> 
     </span>
    </p>
   </div>
   <div class='ocr_carea' id='block_1_9' title="bbox 60 1132 985 2665">
    <p class='ocr_par' dir='ltr' id='par_1_10' title="bbox 60 1132 985 2665">
     <span class='ocr_line' id='line_1_30' title="bbox 132 1132 983 1166; baseline 0.001 -10"><span class='ocrx_word' id='word_1_198' title='bbox 132 1132 265 1157; x_wconf 80' lang='lat' dir='ltr'><strong>Nicolaus</strong></span> <span class='ocrx_word' id='word_1_199' title='bbox 286 1133 437 1166; x_wconf 79' lang='lat' dir='ltr'><strong>episcopus</strong></span> <span class='ocrx_word' id='word_1_200' title='bbox 457 1141 557 1158; x_wconf 74' lang='lat' dir='ltr'><strong>servus</strong></span> <span class='ocrx_word' id='word_1_201' title='bbox 578 1142 725 1159; x_wconf 87' lang='lat' dir='ltr'><strong>servorum</strong></span> <span class='ocrx_word' id='word_1_202' title='bbox 746 1134 789 1159; x_wconf 87' lang='lat' dir='ltr'><strong>dei</strong></span> <span class='ocrx_word' id='word_1_203' title='bbox 808 1157 840 1161; x_wconf 78' lang='grc'><strong>-</strong></span> <span class='ocrx_word' id='word_1_204' title='bbox 860 1134 983 1158; x_wconf 82' lang='lat' dir='ltr'><strong>Vniuer-</strong></span> 
     </span>
     <span class='ocr_line' id='line_1_31' title="bbox 61 1177 983 1211; baseline 0 -10"><span class='ocrx_word' id='word_1_205' title='bbox 61 1177 100 1201; x_wconf 90' lang='lat' dir='ltr'><strong>sis</strong></span> <span class='ocrx_word' id='word_1_206' title='bbox 118 1179 146 1201; x_wconf 89' lang='lat' dir='ltr'><strong>et</strong></span> <span class='ocrx_word' id='word_1_207' title='bbox 166 1177 286 1210; x_wconf 78' lang='lat' dir='ltr'><strong>singulis</strong></span> <span class='ocrx_word' id='word_1_208' title='bbox 301 1178 334 1201; x_wconf 87' lang='lat' dir='ltr'><strong>ad</strong></span> <span class='ocrx_word' id='word_1_209' title='bbox 351 1185 421 1209; x_wconf 89' lang='lat' dir='ltr'><strong>quos</strong></span> <span class='ocrx_word' id='word_1_210' title='bbox 435 1180 584 1210; x_wconf 84' lang='lat' dir='ltr'><strong>presentes</strong></span> <span class='ocrx_word' id='word_1_211' title='bbox 602 1178 695 1203; x_wconf 88' lang='lat' dir='ltr'><strong>littere</strong></span> <span class='ocrx_word' id='word_1_212' title='bbox 712 1178 898 1211; x_wconf 80' lang='lat' dir='ltr'><strong>pervenerint</strong></span> <span class='ocrx_word' id='word_1_213' title='bbox 909 1178 983 1202; x_wconf 88' lang='lat' dir='ltr'><strong>salu-</strong></span> 
     </span>
     <span class='ocr_line' id='line_1_32' title="bbox 62 1221 982 1254; baseline 0 -9"><span class='ocrx_word' id='word_1_214' title='bbox 62 1223 119 1245; x_wconf 89' lang='lat' dir='ltr'><strong>tem</strong></span> <span class='ocrx_word' id='word_1_215' title='bbox 142 1224 170 1246; x_wconf 86' lang='lat' dir='ltr'><strong>et</strong></span> <span class='ocrx_word' id='word_1_216' title='bbox 186 1221 369 1253; x_wconf 77' lang='lat' dir='ltr'><strong>apostolicam</strong></span> <span class='ocrx_word' id='word_1_217' title='bbox 383 1221 619 1247; x_wconf 83' lang='lat' dir='ltr'><strong>benedictionem.</strong></span> <span class='ocrx_word' id='word_1_218' title='bbox 647 1222 718 1247; x_wconf 85' lang='lat' dir='ltr'><strong>Cum</strong></span> <span class='ocrx_word' id='word_1_219' title='bbox 736 1223 809 1246; x_wconf 92' lang='lat' dir='ltr'><strong>sicut</strong></span> <span class='ocrx_word' id='word_1_220' title='bbox 821 1222 982 1254; x_wconf 86' lang='lat' dir='ltr'><strong>accepimus</strong></span> 
     </span>
     <span class='ocr_line' id='line_1_33' title="bbox 61 1264 983 1298; baseline -0.001 -9"><span class='ocrx_word' id='word_1_221' title='bbox 61 1272 93 1289; x_wconf 88' lang='lat' dir='ltr'><strong>ac</strong></span> <span class='ocrx_word' id='word_1_222' title='bbox 109 1264 317 1298; x_wconf 79' lang='lat' dir='ltr'><strong>fidedignorum</strong></span> <span class='ocrx_word' id='word_1_223' title='bbox 333 1264 472 1290; x_wconf 87' lang='lat' dir='ltr'><strong>relatione</strong></span> <span class='ocrx_word' id='word_1_224' title='bbox 488 1266 636 1291; x_wconf 81' lang='lat' dir='ltr'><strong>didicimus</strong></span> <span class='ocrx_word' id='word_1_225' title='bbox 652 1266 816 1291; x_wconf 83' lang='lat' dir='ltr'><strong>carissimus</strong></span> <span class='ocrx_word' id='word_1_226' title='bbox 832 1267 860 1290; x_wconf 90' lang='lat' dir='ltr'><strong>in</strong></span> <span class='ocrx_word' id='word_1_227' title='bbox 870 1265 983 1289; x_wconf 86' lang='lat' dir='ltr'><strong>Christo</strong></span> 
     </span>
     <span class='ocr_line' id='line_1_34' title="bbox 60 1310 984 1335; baseline 0 -2"><span class='ocrx_word' id='word_1_228' title='bbox 60 1311 160 1333; x_wconf 89' lang='lat' dir='ltr'><strong>noster</strong></span> <span class='ocrx_word' id='word_1_229' title='bbox 183 1312 211 1334; x_wconf 87' lang='lat' dir='ltr'><strong>et</strong></span> <span class='ocrx_word' id='word_1_230' title='bbox 236 1312 331 1334; x_wconf 88' lang='lat' dir='ltr'><strong>sancte</strong></span> <span class='ocrx_word' id='word_1_231' title='bbox 348 1310 476 1334; x_wconf 87' lang='lat' dir='ltr'><strong>Romane</strong></span> <span class='ocrx_word' id='word_1_232' title='bbox 501 1310 621 1335; x_wconf 87' lang='lat' dir='ltr'><strong>ecclesie</strong></span> <span class='ocrx_word' id='word_1_233' title='bbox 645 1310 721 1335; x_wconf 83' lang='lat' dir='ltr'><strong>filius</strong></span> <span class='ocrx_word' id='word_1_234' title='bbox 744 1310 910 1335; x_wconf 85' lang='lat' dir='ltr'><strong>Fredericus</strong></span> <span class='ocrx_word' id='word_1_235' title='bbox 928 1310 984 1333; x_wconf 82' lang='lat' dir='ltr'><strong>Ro-</strong></span> 
     </span>
     <span class='ocr_line' id='line_1_35' title="bbox 61 1353 984 1387; baseline 0 -10"><span class='ocrx_word' id='word_1_236' title='bbox 61 1360 210 1377; x_wconf 87' lang='lat' dir='ltr'><strong>manorum</strong></span> <span class='ocrx_word' id='word_1_237' title='bbox 231 1361 280 1378; x_wconf 88' lang='lat' dir='ltr'><strong>rex</strong></span> <span class='ocrx_word' id='word_1_238' title='bbox 302 1353 420 1378; x_wconf 83' lang='lat' dir='ltr'><strong>illustris</strong></span> <span class='ocrx_word' id='word_1_239' title='bbox 446 1355 635 1387; x_wconf 80' lang='lat' dir='ltr'><strong>personaliter</strong></span> <span class='ocrx_word' id='word_1_240' title='bbox 659 1355 691 1379; x_wconf 88' lang='lat' dir='ltr'><strong>ad</strong></span> <span class='ocrx_word' id='word_1_241' title='bbox 715 1356 818 1379; x_wconf 86' lang='lat' dir='ltr'><strong>almam</strong></span> <span class='ocrx_word' id='word_1_242' title='bbox 838 1354 934 1379; x_wconf 78' lang='lat' dir='ltr'><strong>vrbem</strong></span> <span class='ocrx_word' id='word_1_243' title='bbox 953 1361 984 1378; x_wconf 88' lang='lat' dir='ltr'><strong>ac</strong></span> 
     </span>
     <span class='ocr_line' id='line_1_36' title="bbox 61 1397 983 1432; baseline 0 -11"><span class='ocrx_word' id='word_1_244' title='bbox 61 1397 155 1421; x_wconf 91' lang='lat' dir='ltr'><strong>sedem</strong></span> <span class='ocrx_word' id='word_1_245' title='bbox 179 1398 365 1430; x_wconf 87' lang='lat' dir='ltr'><strong>apostolicam</strong></span> <span class='ocrx_word' id='word_1_246' title='bbox 386 1400 414 1422; x_wconf 90' lang='lat' dir='ltr'><strong>et</strong></span> <span class='ocrx_word' id='word_1_247' title='bbox 435 1406 487 1422; x_wconf 86' lang='lat' dir='ltr'><strong>nos</strong></span> <span class='ocrx_word' id='word_1_248' title='bbox 510 1406 562 1431; x_wconf 84' lang='lat' dir='ltr'><strong>pro</strong></span> <span class='ocrx_word' id='word_1_249' title='bbox 585 1398 724 1432; x_wconf 86' lang='lat' dir='ltr'><strong>imperiali</strong></span> <span class='ocrx_word' id='word_1_250' title='bbox 741 1399 899 1424; x_wconf 88' lang='lat' dir='ltr'><strong>diademate</strong></span> <span class='ocrx_word' id='word_1_251' title='bbox 913 1398 983 1422; x_wconf 91' lang='lat' dir='ltr'><strong>reci-</strong></span> 
     </span>
     <span class='ocr_line' id='line_1_37' title="bbox 62 1441 983 1479; baseline 0.002 -15"><span class='ocrx_word' id='word_1_252' title='bbox 62 1441 164 1473; x_wconf 86' lang='lat' dir='ltr'><strong>piendo</strong></span> <span class='ocrx_word' id='word_1_253' title='bbox 187 1446 214 1466; x_wconf 84' lang='lat' dir='ltr'><strong>et</strong></span> <span class='ocrx_word' id='word_1_254' title='bbox 238 1442 438 1479; x_wconf 85' lang='lat' dir='ltr'><strong>consequendo</strong></span> <span class='ocrx_word' id='word_1_255' title='bbox 465 1450 494 1467; x_wconf 86' lang='lat' dir='ltr'><strong>se</strong></span> <span class='ocrx_word' id='word_1_256' title='bbox 517 1450 639 1468; x_wconf 89' lang='lat' dir='ltr'><strong>unacum</strong></span> <span class='ocrx_word' id='word_1_257' title='bbox 657 1444 804 1468; x_wconf 84' lang='lat' dir='ltr'><strong>carissimo</strong></span> <span class='ocrx_word' id='word_1_258' title='bbox 823 1443 851 1467; x_wconf 91' lang='lat' dir='ltr'><strong>in</strong></span> <span class='ocrx_word' id='word_1_259' title='bbox 870 1442 983 1466; x_wconf 88' lang='lat' dir='ltr'><strong>Christo</strong></span> 
     </span>
     <span class='ocr_line' id='line_1_38' title="bbox 62 1485 985 1521; baseline 0 -12"><span class='ocrx_word' id='word_1_260' title='bbox 62 1485 145 1509; x_wconf 85' lang='lat' dir='ltr'><strong>etiam</strong></span> <span class='ocrx_word' id='word_1_261' title='bbox 170 1488 269 1510; x_wconf 87' lang='lat' dir='ltr'><strong>nostro</strong></span> <span class='ocrx_word' id='word_1_262' title='bbox 297 1488 325 1510; x_wconf 92' lang='lat' dir='ltr'><strong>et</strong></span> <span class='ocrx_word' id='word_1_263' title='bbox 349 1486 421 1511; x_wconf 87' lang='lat' dir='ltr'><strong>dicte</strong></span> <span class='ocrx_word' id='word_1_264' title='bbox 449 1486 566 1511; x_wconf 84' lang='lat' dir='ltr'><strong>ecclesie</strong></span> <span class='ocrx_word' id='word_1_265' title='bbox 590 1487 648 1512; x_wconf 86' lang='lat' dir='ltr'><strong>filio</strong></span> <span class='ocrx_word' id='word_1_266' title='bbox 665 1486 796 1512; x_wconf 84' lang='lat' dir='ltr'><strong>Ladislao</strong></span> <span class='ocrx_word' id='word_1_267' title='bbox 811 1487 937 1521; x_wconf 78' lang='lat' dir='ltr'><strong>Vngarie</strong></span> <span class='ocrx_word' id='word_1_268' title='bbox 956 1487 985 1510; x_wconf 86' lang='lat' dir='ltr'><strong>et</strong></span> 
     </span>
     <span class='ocr_line' id='line_1_39' title="bbox 60 1528 984 1564; baseline 0.002 -12"><span class='ocrx_word' id='word_1_269' title='bbox 60 1528 198 1554; x_wconf 86' lang='lat' dir='ltr'><strong>Bohemie</strong></span> <span class='ocrx_word' id='word_1_270' title='bbox 215 1538 370 1563; x_wconf 79' lang='lat' dir='ltr'><strong>regnorum</strong></span> <span class='ocrx_word' id='word_1_271' title='bbox 392 1531 454 1563; x_wconf 80' lang='lat' dir='ltr'><strong>regi</strong></span> <span class='ocrx_word' id='word_1_272' title='bbox 478 1530 583 1556; x_wconf 84' lang='lat' dir='ltr'><strong>illustri</strong></span> <span class='ocrx_word' id='word_1_273' title='bbox 606 1540 637 1556; x_wconf 88' lang='lat' dir='ltr'><strong>ac</strong></span> <span class='ocrx_word' id='word_1_274' title='bbox 655 1532 783 1564; x_wconf 88' lang='lat' dir='ltr'><strong>pluribus</strong></span> <span class='ocrx_word' id='word_1_275' title='bbox 802 1532 863 1556; x_wconf 89' lang='lat' dir='ltr'><strong>aliis</strong></span> <span class='ocrx_word' id='word_1_276' title='bbox 881 1530 984 1555; x_wconf 86' lang='lat' dir='ltr'><strong>nobili-</strong></span> 
     </span>
     <span class='ocr_line' id='line_1_40' title="bbox 61 1573 983 1608; baseline 0.001 -11"><span class='ocrx_word' id='word_1_277' title='bbox 61 1573 113 1597; x_wconf 84' lang='lat' dir='ltr'><strong>bus</strong></span> <span class='ocrx_word' id='word_1_278' title='bbox 137 1573 254 1598; x_wconf 85' lang='lat' dir='ltr'><strong>ducibus</strong></span> <span class='ocrx_word' id='word_1_279' title='bbox 276 1574 487 1599; x_wconf 82' lang='lat' dir='ltr'><strong>marchionibus</strong></span> <span class='ocrx_word' id='word_1_280' title='bbox 509 1576 660 1600; x_wconf 81' lang='lat' dir='ltr'><strong>comitibus</strong></span> <span class='ocrx_word' id='word_1_281' title='bbox 677 1575 852 1608; x_wconf 85' lang='lat' dir='ltr'><strong>principibus</strong></span> <span class='ocrx_word' id='word_1_282' title='bbox 871 1574 983 1599; x_wconf 86' lang='lat' dir='ltr'><strong>baroni-</strong></span> 
     </span>
     <span class='ocr_line' id='line_1_41' title="bbox 60 1617 983 1652; baseline 0.001 -11"><span class='ocrx_word' id='word_1_283' title='bbox 60 1617 114 1641; x_wconf 88' lang='lat' dir='ltr'><strong>bus</strong></span> <span class='ocrx_word' id='word_1_284' title='bbox 129 1617 264 1643; x_wconf 86' lang='lat' dir='ltr'><strong>militibus</strong></span> <span class='ocrx_word' id='word_1_285' title='bbox 281 1619 446 1650; x_wconf 83' lang='lat' dir='ltr'><strong>proceribus</strong></span> <span class='ocrx_word' id='word_1_286' title='bbox 462 1622 489 1644; x_wconf 88' lang='lat' dir='ltr'><strong>et</strong></span> <span class='ocrx_word' id='word_1_287' title='bbox 507 1620 568 1644; x_wconf 89' lang='lat' dir='ltr'><strong>aliis</strong></span> <span class='ocrx_word' id='word_1_288' title='bbox 584 1620 714 1652; x_wconf 85' lang='lat' dir='ltr'><strong>personis</strong></span> <span class='ocrx_word' id='word_1_289' title='bbox 732 1620 759 1643; x_wconf 93' lang='lat' dir='ltr'><strong>in</strong></span> <span class='ocrx_word' id='word_1_290' title='bbox 776 1619 887 1644; x_wconf 87' lang='lat' dir='ltr'><strong>decenti</strong></span> <span class='ocrx_word' id='word_1_291' title='bbox 898 1619 983 1642; x_wconf 81' lang='lat' dir='ltr'><strong>comi-</strong></span> 
     </span>
     <span class='ocr_line' id='line_1_42' title="bbox 61 1661 983 1697; baseline 0.002 -12"><span class='ocrx_word' id='word_1_292' title='bbox 61 1661 118 1686; x_wconf 87' lang='lat' dir='ltr'><strong>tiva</strong></span> <span class='ocrx_word' id='word_1_293' title='bbox 133 1661 246 1686; x_wconf 88' lang='lat' dir='ltr'><strong>domino</strong></span> <span class='ocrx_word' id='word_1_294' title='bbox 266 1663 438 1687; x_wconf 86' lang='lat' dir='ltr'><strong>concedente</strong></span> <span class='ocrx_word' id='word_1_295' title='bbox 459 1664 617 1688; x_wconf 80' lang='lat' dir='ltr'><strong>transferre</strong></span> <span class='ocrx_word' id='word_1_296' title='bbox 634 1664 774 1697; x_wconf 83' lang='lat' dir='ltr'><strong>disposuit</strong></span> <span class='ocrx_word' id='word_1_297' title='bbox 790 1667 874 1696; x_wconf 89' lang='lat' dir='ltr'><strong>atque</strong></span> <span class='ocrx_word' id='word_1_298' title='bbox 889 1664 983 1695; x_wconf 76' lang='lat' dir='ltr'><strong>dispo-</strong></span> 
     </span>
     <span class='ocr_line' id='line_1_43' title="bbox 60 1704 982 1740; baseline 0.002 -11"><span class='ocrx_word' id='word_1_299' title='bbox 60 1705 111 1730; x_wconf 87' lang='lat' dir='ltr'><strong>nit.</strong></span> <span class='ocrx_word' id='word_1_300' title='bbox 131 1704 190 1730; x_wconf 86' lang='lat' dir='ltr'><strong>Nos</strong></span> <span class='ocrx_word' id='word_1_301' title='bbox 208 1706 298 1739; x_wconf 83' lang='lat' dir='ltr'><strong>igitur</strong></span> <span class='ocrx_word' id='word_1_302' title='bbox 312 1706 399 1739; x_wconf 86' lang='lat' dir='ltr'><strong>ipsius</strong></span> <span class='ocrx_word' id='word_1_303' title='bbox 417 1706 563 1731; x_wconf 88' lang='lat' dir='ltr'><strong>Frederici</strong></span> <span class='ocrx_word' id='word_1_304' title='bbox 579 1708 774 1731; x_wconf 87' lang='lat' dir='ltr'><strong>Romanorum</strong></span> <span class='ocrx_word' id='word_1_305' title='bbox 790 1706 867 1740; x_wconf 68' lang='lat' dir='ltr'><strong>regis</strong></span> <span class='ocrx_word' id='word_1_306' title='bbox 887 1708 982 1732; x_wconf 85' lang='lat' dir='ltr'><strong>lauda—</strong></span> 
     </span>
     <span class='ocr_line' id='line_1_44' title="bbox 60 1750 982 1783; baseline 0.002 -9"><span class='ocrx_word' id='word_1_307' title='bbox 60 1750 116 1774; x_wconf 90' lang='lat' dir='ltr'><strong>bile</strong></span> <span class='ocrx_word' id='word_1_308' title='bbox 137 1751 314 1782; x_wconf 87' lang='lat' dir='ltr'><strong>propositum</strong></span> <span class='ocrx_word' id='word_1_309' title='bbox 337 1751 490 1783; x_wconf 87' lang='lat' dir='ltr'><strong>plurimum</strong></span> <span class='ocrx_word' id='word_1_310' title='bbox 511 1751 538 1775; x_wconf 91' lang='lat' dir='ltr'><strong>in</strong></span> <span class='ocrx_word' id='word_1_311' title='bbox 561 1751 674 1776; x_wconf 89' lang='lat' dir='ltr'><strong>domino</strong></span> <span class='ocrx_word' id='word_1_312' title='bbox 698 1752 929 1776; x_wconf 84' lang='lat' dir='ltr'><strong>commendantes</strong></span> <span class='ocrx_word' id='word_1_313' title='bbox 951 1759 982 1776; x_wconf 87' lang='lat' dir='ltr'><strong>ac</strong></span> 
     </span>
     <span class='ocr_line' id='line_1_45' title="bbox 60 1793 984 1829; baseline 0.002 -12"><span class='ocrx_word' id='word_1_314' title='bbox 60 1793 209 1825; x_wconf 87' lang='lat' dir='ltr'><strong>cupientes</strong></span> <span class='ocrx_word' id='word_1_315' title='bbox 227 1802 310 1827; x_wconf 74' lang='lat' dir='ltr'><strong>reges</strong></span> <span class='ocrx_word' id='word_1_316' title='bbox 328 1795 415 1819; x_wconf 87' lang='lat' dir='ltr'><strong>duces</strong></span> <span class='ocrx_word' id='word_1_317' title='bbox 434 1794 615 1819; x_wconf 71' lang='lat' dir='ltr'><strong>marchiones</strong></span> <span class='ocrx_word' id='word_1_318' title='bbox 639 1796 755 1820; x_wconf 80' lang='lat' dir='ltr'><strong>comites</strong></span> <span class='ocrx_word' id='word_1_319' title='bbox 771 1796 913 1829; x_wconf 85' lang='lat' dir='ltr'><strong>principes</strong></span> <span class='ocrx_word' id='word_1_320' title='bbox 936 1795 984 1819; x_wconf 87' lang='lat' dir='ltr'><strong>ba-</strong></span> 
     </span>
     <span class='ocr_line' id='line_1_46' title="bbox 61 1838 982 1870; baseline 0.003 -9"><span class='ocrx_word' id='word_1_321' title='bbox 61 1845 144 1862; x_wconf 90' lang='lat' dir='ltr'><strong>rones</strong></span> <span class='ocrx_word' id='word_1_322' title='bbox 161 1838 263 1861; x_wconf 85' lang='lat' dir='ltr'><strong>milites</strong></span> <span class='ocrx_word' id='word_1_323' title='bbox 280 1845 411 1870; x_wconf 76' lang='lat' dir='ltr'><strong>proceres</strong></span> <span class='ocrx_word' id='word_1_324' title='bbox 431 1839 572 1870; x_wconf 88' lang='lat' dir='ltr'><strong>predictos</strong></span> <span class='ocrx_word' id='word_1_325' title='bbox 595 1847 648 1864; x_wconf 90' lang='lat' dir='ltr'><strong>nec</strong></span> <span class='ocrx_word' id='word_1_326' title='bbox 669 1847 727 1864; x_wconf 91' lang='lat' dir='ltr'><strong>non</strong></span> <span class='ocrx_word' id='word_1_327' title='bbox 743 1847 842 1864; x_wconf 88' lang='lat' dir='ltr'><strong>omnes</strong></span> <span class='ocrx_word' id='word_1_328' title='bbox 864 1840 933 1864; x_wconf 84' lang='lat' dir='ltr'><strong>alios</strong></span> <span class='ocrx_word' id='word_1_329' title='bbox 949 1839 982 1864; x_wconf 90' lang='lat' dir='ltr'><strong>de</strong></span> 
     </span>
     <span class='ocr_line' id='line_1_47' title="bbox 62 1881 982 1917; baseline 0.002 -12"><span class='ocrx_word' id='word_1_330' title='bbox 62 1881 187 1914; x_wconf 91' lang='lat' dir='ltr'><strong>ipsorum</strong></span> <span class='ocrx_word' id='word_1_331' title='bbox 210 1882 340 1906; x_wconf 76' lang='lat' dir='ltr'><strong>comitiva</strong></span> <span class='ocrx_word' id='word_1_332' title='bbox 364 1881 527 1907; x_wconf 90' lang='lat' dir='ltr'><strong>huiusmodi</strong></span> <span class='ocrx_word' id='word_1_333' title='bbox 550 1883 722 1915; x_wconf 85' lang='lat' dir='ltr'><strong>specialibus</strong></span> <span class='ocrx_word' id='word_1_334' title='bbox 743 1883 898 1908; x_wconf 89' lang='lat' dir='ltr'><strong>honoribus</strong></span> <span class='ocrx_word' id='word_1_335' title='bbox 917 1891 982 1917; x_wconf 71' lang='lat' dir='ltr'><strong>gra-</strong></span> 
     </span>
     <span class='ocr_line' id='line_1_48' title="bbox 62 1926 981 1960; baseline 0.003 -10"><span class='ocrx_word' id='word_1_336' title='bbox 62 1926 111 1950; x_wconf 88' lang='lat' dir='ltr'><strong>ciis</strong></span> <span class='ocrx_word' id='word_1_337' title='bbox 136 1929 163 1950; x_wconf 91' lang='lat' dir='ltr'><strong>et</strong></span> <span class='ocrx_word' id='word_1_338' title='bbox 180 1926 336 1959; x_wconf 74' lang='lat' dir='ltr'><strong>privilegiis</strong></span> <span class='ocrx_word' id='word_1_339' title='bbox 359 1927 521 1958; x_wconf 84' lang='lat' dir='ltr'><strong>apostolicis</strong></span> <span class='ocrx_word' id='word_1_340' title='bbox 545 1927 676 1952; x_wconf 83' lang='lat' dir='ltr'><strong>attollere</strong></span> <span class='ocrx_word' id='word_1_341' title='bbox 698 1928 806 1960; x_wconf 85' lang='lat' dir='ltr'><strong>pariter</strong></span> <span class='ocrx_word' id='word_1_342' title='bbox 831 1931 860 1953; x_wconf 88' lang='lat' dir='ltr'><strong>et</strong></span> <span class='ocrx_word' id='word_1_343' title='bbox 882 1928 981 1953; x_wconf 78' lang='lat' dir='ltr'><strong>fulcire</strong></span> 
     </span>
     <span class='ocr_line' id='line_1_49' title="bbox 61 1969 981 2004; baseline 0.002 -10"><span class='ocrx_word' id='word_1_344' title='bbox 61 1978 93 1994; x_wconf 86' lang='lat' dir='ltr'><strong>ac</strong></span> <span class='ocrx_word' id='word_1_345' title='bbox 111 1970 215 1995; x_wconf 85' lang='lat' dir='ltr'><strong>eisdem</strong></span> <span class='ocrx_word' id='word_1_346' title='bbox 237 1971 352 2002; x_wconf 74' lang='lat' dir='ltr'><strong>regibus</strong></span> <span class='ocrx_word' id='word_1_347' title='bbox 369 1969 486 1995; x_wconf 84' lang='lat' dir='ltr'><strong>ducibus</strong></span> <span class='ocrx_word' id='word_1_348' title='bbox 508 1972 722 1997; x_wconf 85' lang='lat' dir='ltr'><strong>marchionibus</strong></span> <span class='ocrx_word' id='word_1_349' title='bbox 738 1972 888 1997; x_wconf 87' lang='lat' dir='ltr'><strong>comitibus</strong></span> <span class='ocrx_word' id='word_1_350' title='bbox 905 1972 981 2004; x_wconf 88' lang='lat' dir='ltr'><strong>prin-</strong></span> 
     </span>
     <span class='ocr_line' id='line_1_50' title="bbox 60 2014 982 2048; baseline 0.002 -10"><span class='ocrx_word' id='word_1_351' title='bbox 60 2015 167 2047; x_wconf 85' lang='lat' dir='ltr'><strong>cipibus</strong></span> <span class='ocrx_word' id='word_1_352' title='bbox 189 2014 343 2038; x_wconf 86' lang='lat' dir='ltr'><strong>baronibus</strong></span> <span class='ocrx_word' id='word_1_353' title='bbox 361 2015 497 2039; x_wconf 86' lang='lat' dir='ltr'><strong>militibus</strong></span> <span class='ocrx_word' id='word_1_354' title='bbox 514 2016 679 2048; x_wconf 86' lang='lat' dir='ltr'><strong>proceribus</strong></span> <span class='ocrx_word' id='word_1_355' title='bbox 699 2024 763 2041; x_wconf 85' lang='lat' dir='ltr'><strong>cum</strong></span> <span class='ocrx_word' id='word_1_356' title='bbox 781 2024 880 2041; x_wconf 89' lang='lat' dir='ltr'><strong>eornm</strong></span> <span class='ocrx_word' id='word_1_357' title='bbox 898 2016 982 2040; x_wconf 88' lang='lat' dir='ltr'><strong>sociis</strong></span> 
     </span>
     <span class='ocr_line' id='line_1_51' title="bbox 61 2059 983 2092; baseline 0 -8"><span class='ocrx_word' id='word_1_358' title='bbox 61 2062 90 2084; x_wconf 84' lang='lat' dir='ltr'><strong>et</strong></span> <span class='ocrx_word' id='word_1_359' title='bbox 113 2059 300 2083; x_wconf 77' lang='lat' dir='ltr'><strong>familiaribus</strong></span> <span class='ocrx_word' id='word_1_360' title='bbox 331 2061 359 2083; x_wconf 89' lang='lat' dir='ltr'><strong>et</strong></span> <span class='ocrx_word' id='word_1_361' title='bbox 388 2059 520 2084; x_wconf 84' lang='lat' dir='ltr'><strong>comitiva</strong></span> <span class='ocrx_word' id='word_1_362' title='bbox 545 2060 679 2090; x_wconf 83' lang='lat' dir='ltr'><strong>predictis</strong></span> <span class='ocrx_word' id='word_1_363' title='bbox 703 2063 842 2092; x_wconf 86' lang='lat' dir='ltr'><strong>quotquot</strong></span> <span class='ocrx_word' id='word_1_364' title='bbox 864 2068 983 2084; x_wconf 88' lang='lat' dir='ltr'><strong>numero</strong></span> 
     </span>
     <span class='ocr_line' id='line_1_52' title="bbox 62 2103 983 2138; baseline 0.002 -11"><span class='ocrx_word' id='word_1_365' title='bbox 62 2103 170 2128; x_wconf 80' lang='lat' dir='ltr'><strong>suerint</strong></span> <span class='ocrx_word' id='word_1_366' title='bbox 192 2112 255 2128; x_wconf 86' lang='lat' dir='ltr'><strong>cum</strong></span> <span class='ocrx_word' id='word_1_367' title='bbox 277 2104 405 2135; x_wconf 84' lang='lat' dir='ltr'><strong>ipsorum</strong></span> <span class='ocrx_word' id='word_1_368' title='bbox 422 2103 517 2127; x_wconf 89' lang='lat' dir='ltr'><strong>salmis</strong></span> <span class='ocrx_word' id='word_1_369' title='bbox 534 2104 612 2135; x_wconf 86' lang='lat' dir='ltr'><strong>equis</strong></span> <span class='ocrx_word' id='word_1_370' title='bbox 626 2105 757 2129; x_wconf 87' lang='lat' dir='ltr'><strong>tentoriis</strong></span> <span class='ocrx_word' id='word_1_371' title='bbox 772 2105 896 2138; x_wconf 81' lang='lat' dir='ltr'><strong>ingeniis</strong></span> <span class='ocrx_word' id='word_1_372' title='bbox 913 2105 983 2129; x_wconf 87' lang='lat' dir='ltr'><strong>bali-</strong></span> 
     </span>
     <span class='ocr_line' id='line_1_53' title="bbox 61 2147 981 2183; baseline 0.001 -11"><span class='ocrx_word' id='word_1_373' title='bbox 61 2147 112 2172; x_wconf 86' lang='lat' dir='ltr'><strong>stis</strong></span> <span class='ocrx_word' id='word_1_374' title='bbox 140 2147 225 2172; x_wconf 87' lang='lat' dir='ltr'><strong>armis</strong></span> <span class='ocrx_word' id='word_1_375' title='bbox 252 2147 372 2182; x_wconf 81' lang='lat' dir='ltr'><strong>gemmis</strong></span> <span class='ocrx_word' id='word_1_376' title='bbox 398 2150 426 2172; x_wconf 87' lang='lat' dir='ltr'><strong>et</strong></span> <span class='ocrx_word' id='word_1_377' title='bbox 449 2147 588 2180; x_wconf 86' lang='lat' dir='ltr'><strong>lapidibus</strong></span> <span class='ocrx_word' id='word_1_378' title='bbox 611 2149 747 2180; x_wconf 82' lang='lat' dir='ltr'><strong>preciosis</strong></span> <span class='ocrx_word' id='word_1_379' title='bbox 770 2156 838 2174; x_wconf 88' lang='lat' dir='ltr'><strong>auro</strong></span> <span class='ocrx_word' id='word_1_380' title='bbox 864 2151 981 2183; x_wconf 68' lang='lat' dir='ltr'><strong>argento</strong></span> 
     </span>
     <span class='ocr_line' id='line_1_54' title="bbox 61 2193 982 2227; baseline 0.002 -11"><span class='ocrx_word' id='word_1_381' title='bbox 61 2195 206 2217; x_wconf 88' lang='lat' dir='ltr'><strong>monetato</strong></span> <span class='ocrx_word' id='word_1_382' title='bbox 228 2195 256 2217; x_wconf 89' lang='lat' dir='ltr'><strong>et</strong></span> <span class='ocrx_word' id='word_1_383' title='bbox 278 2201 336 2217; x_wconf 90' lang='lat' dir='ltr'><strong>non</strong></span> <span class='ocrx_word' id='word_1_384' title='bbox 353 2195 498 2217; x_wconf 88' lang='lat' dir='ltr'><strong>monetato</strong></span> <span class='ocrx_word' id='word_1_385' title='bbox 516 2200 568 2217; x_wconf 86' lang='lat' dir='ltr'><strong>nec</strong></span> <span class='ocrx_word' id='word_1_386' title='bbox 583 2200 642 2217; x_wconf 90' lang='lat' dir='ltr'><strong>non</strong></span> <span class='ocrx_word' id='word_1_387' title='bbox 663 2193 724 2217; x_wconf 90' lang='lat' dir='ltr'><strong>aliis</strong></span> <span class='ocrx_word' id='word_1_388' title='bbox 743 2193 849 2218; x_wconf 85' lang='lat' dir='ltr'><strong>valisiis</strong></span> <span class='ocrx_word' id='word_1_389' title='bbox 868 2194 982 2227; x_wconf 70' lang='lat' dir='ltr'><strong>boggiis</strong></span> 
     </span>
     <span class='ocr_line' id='line_1_55' title="bbox 60 2236 983 2268; baseline 0.002 -8"><span class='ocrx_word' id='word_1_390' title='bbox 60 2236 141 2261; x_wconf 86' lang='lat' dir='ltr'><strong>bonis</strong></span> <span class='ocrx_word' id='word_1_391' title='bbox 160 2237 217 2261; x_wconf 84' lang='lat' dir='ltr'><strong>suis</strong></span> <span class='ocrx_word' id='word_1_392' title='bbox 234 2236 451 2268; x_wconf 86' lang='lat' dir='ltr'><strong>quibuscunque</strong></span> <span class='ocrx_word' id='word_1_393' title='bbox 468 2236 496 2260; x_wconf 92' lang='lat' dir='ltr'><strong>in</strong></span> <span class='ocrx_word' id='word_1_394' title='bbox 510 2236 603 2261; x_wconf 87' lang='lat' dir='ltr'><strong>eundo</strong></span> <span class='ocrx_word' id='word_1_395' title='bbox 620 2237 720 2261; x_wconf 87' lang='lat' dir='ltr'><strong>stando</strong></span> <span class='ocrx_word' id='word_1_396' title='bbox 733 2240 760 2261; x_wconf 90' lang='lat' dir='ltr'><strong>ct</strong></span> <span class='ocrx_word' id='word_1_397' title='bbox 777 2238 922 2262; x_wconf 85' lang='lat' dir='ltr'><strong>redeundo</strong></span> <span class='ocrx_word' id='word_1_398' title='bbox 941 2240 983 2262; x_wconf 92' lang='lat' dir='ltr'><strong>to-</strong></span> 
     </span>
     <span class='ocr_line' id='line_1_56' title="bbox 60 2280 983 2313; baseline 0.002 -9"><span class='ocrx_word' id='word_1_399' title='bbox 60 2281 132 2306; x_wconf 92' lang='lat' dir='ltr'><strong>tiens</strong></span> <span class='ocrx_word' id='word_1_400' title='bbox 159 2281 289 2313; x_wconf 82' lang='lat' dir='ltr'><strong>quotiens</strong></span> <span class='ocrx_word' id='word_1_401' title='bbox 316 2289 387 2313; x_wconf 91' lang='lat' dir='ltr'><strong>opus</strong></span> <span class='ocrx_word' id='word_1_402' title='bbox 412 2280 499 2305; x_wconf 83' lang='lat' dir='ltr'><strong>suerit</strong></span> <span class='ocrx_word' id='word_1_403' title='bbox 527 2283 555 2305; x_wconf 90' lang='lat' dir='ltr'><strong>et</strong></span> <span class='ocrx_word' id='word_1_404' title='bbox 579 2280 646 2312; x_wconf 88' lang='lat' dir='ltr'><strong>ipsis</strong></span> <span class='ocrx_word' id='word_1_405' title='bbox 672 2282 820 2313; x_wconf 79' lang='lat' dir='ltr'><strong>expediens</strong></span> <span class='ocrx_word' id='word_1_406' title='bbox 843 2282 983 2306; x_wconf 80' lang='lat' dir='ltr'><strong>videbitur</strong></span> 
     </span>
     <span class='ocr_line' id='line_1_57' title="bbox 61 2324 982 2358; baseline 0.003 -10"><span class='ocrx_word' id='word_1_407' title='bbox 61 2324 176 2356; x_wconf 85' lang='lat' dir='ltr'><strong>plenum</strong></span> <span class='ocrx_word' id='word_1_408' title='bbox 199 2326 341 2358; x_wconf 74' lang='lat' dir='ltr'><strong>integrum</strong></span> <span class='ocrx_word' id='word_1_409' title='bbox 368 2327 461 2350; x_wconf 88' lang='lat' dir='ltr'><strong>tutum</strong></span> <span class='ocrx_word' id='word_1_410' title='bbox 487 2328 515 2350; x_wconf 90' lang='lat' dir='ltr'><strong>et</strong></span> <span class='ocrx_word' id='word_1_411' title='bbox 539 2332 670 2349; x_wconf 86' lang='lat' dir='ltr'><strong>securum</strong></span> <span class='ocrx_word' id='word_1_412' title='bbox 700 2325 982 2351; x_wconf 79' lang='lat' dir='ltr'><strong>salvumconductum</strong></span> 
     </span>
     <span class='ocr_line' id='line_1_58' title="bbox 60 2369 981 2401; baseline 0.002 -9"><span class='ocrx_word' id='word_1_413' title='bbox 60 2371 138 2392; x_wconf 89' lang='lat' dir='ltr'><strong>motu</strong></span> <span class='ocrx_word' id='word_1_414' title='bbox 159 2369 272 2401; x_wconf 86' lang='lat' dir='ltr'><strong>proprio</strong></span> <span class='ocrx_word' id='word_1_415' title='bbox 296 2377 354 2393; x_wconf 89' lang='lat' dir='ltr'><strong>non</strong></span> <span class='ocrx_word' id='word_1_416' title='bbox 376 2369 408 2394; x_wconf 86' lang='lat' dir='ltr'><strong>ad</strong></span> <span class='ocrx_word' id='word_1_417' title='bbox 431 2369 550 2394; x_wconf 85' lang='lat' dir='ltr'><strong>alicuius</strong></span> <span class='ocrx_word' id='word_1_418' title='bbox 573 2369 736 2394; x_wconf 85' lang='lat' dir='ltr'><strong>instantiam</strong></span> <span class='ocrx_word' id='word_1_419' title='bbox 760 2370 808 2393; x_wconf 87' lang='lat' dir='ltr'><strong>sed</strong></span> <span class='ocrx_word' id='word_1_420' title='bbox 832 2369 865 2394; x_wconf 85' lang='lat' dir='ltr'><strong>de</strong></span> <span class='ocrx_word' id='word_1_421' title='bbox 883 2373 981 2395; x_wconf 85' lang='lat' dir='ltr'><strong>nostra</strong></span> 
     </span>
     <span class='ocr_line' id='line_1_59' title="bbox 60 2413 979 2447; baseline 0.003 -11"><span class='ocrx_word' id='word_1_422' title='bbox 60 2420 135 2437; x_wconf 85' lang='lat' dir='ltr'><strong>mera</strong></span> <span class='ocrx_word' id='word_1_423' title='bbox 154 2413 323 2438; x_wconf 82' lang='lat' dir='ltr'><strong>liberalitate</strong></span> <span class='ocrx_word' id='word_1_424' title='bbox 348 2415 375 2438; x_wconf 90' lang='lat' dir='ltr'><strong>et</strong></span> <span class='ocrx_word' id='word_1_425' title='bbox 395 2421 427 2438; x_wconf 85' lang='lat' dir='ltr'><strong>ex</strong></span> <span class='ocrx_word' id='word_1_426' title='bbox 451 2416 526 2438; x_wconf 82' lang='lat' dir='ltr'><strong>certa</strong></span> <span class='ocrx_word' id='word_1_427' title='bbox 547 2416 649 2438; x_wconf 84' lang='lat' dir='ltr'><strong>nostra</strong></span> <span class='ocrx_word' id='word_1_428' title='bbox 679 2414 798 2439; x_wconf 87' lang='lat' dir='ltr'><strong>scientia</strong></span> <span class='ocrx_word' id='word_1_429' title='bbox 825 2415 979 2447; x_wconf 87' lang='lat' dir='ltr'><strong>apostolica</strong></span> 
     </span>
     <span class='ocr_line' id='line_1_60' title="bbox 60 2456 979 2493; baseline 0.004 -13"><span class='ocrx_word' id='word_1_430' title='bbox 60 2456 225 2481; x_wconf 84' lang='lat' dir='ltr'><strong>auctoritate</strong></span> <span class='ocrx_word' id='word_1_431' title='bbox 242 2457 421 2482; x_wconf 85' lang='lat' dir='ltr'><strong>concedimus</strong></span> <span class='ocrx_word' id='word_1_432' title='bbox 431 2465 481 2490; x_wconf 89' lang='lat' dir='ltr'><strong>per</strong></span> <span class='ocrx_word' id='word_1_433' title='bbox 495 2461 654 2490; x_wconf 69' lang='lat' dir='ltr'><strong>presentes,</strong></span> <span class='ocrx_word' id='word_1_434' title='bbox 668 2465 699 2482; x_wconf 79' lang='lat' dir='ltr'><strong>ac</strong></span> <span class='ocrx_word' id='word_1_435' title='bbox 715 2458 883 2484; x_wconf 75' lang='lat' dir='ltr'><strong>affectantes</strong></span> <span class='ocrx_word' id='word_1_436' title='bbox 896 2467 979 2493; x_wconf 78' lang='lat' dir='ltr'><strong>reges</strong></span> 
     </span>
     <span class='ocr_line' id='line_1_61' title="bbox 61 2501 979 2536; baseline 0.002 -11"><span class='ocrx_word' id='word_1_437' title='bbox 61 2501 145 2525; x_wconf 85' lang='lat' dir='ltr'><strong>duces</strong></span> <span class='ocrx_word' id='word_1_438' title='bbox 163 2501 338 2526; x_wconf 85' lang='lat' dir='ltr'><strong>marchiones</strong></span> <span class='ocrx_word' id='word_1_439' title='bbox 356 2503 473 2527; x_wconf 85' lang='lat' dir='ltr'><strong>comites</strong></span> <span class='ocrx_word' id='word_1_440' title='bbox 491 2501 632 2535; x_wconf 80' lang='lat' dir='ltr'><strong>principes</strong></span> <span class='ocrx_word' id='word_1_441' title='bbox 656 2502 774 2527; x_wconf 85' lang='lat' dir='ltr'><strong>barones</strong></span> <span class='ocrx_word' id='word_1_442' title='bbox 795 2504 899 2528; x_wconf 83' lang='lat' dir='ltr'><strong>milites</strong></span> <span class='ocrx_word' id='word_1_443' title='bbox 915 2512 979 2536; x_wconf 88' lang='lat' dir='ltr'><strong>pro-</strong></span> 
     </span>
     <span class='ocr_line' id='line_1_62' title="bbox 62 2546 977 2579; baseline 0.004 -11"><span class='ocrx_word' id='word_1_444' title='bbox 62 2552 139 2569; x_wconf 82' lang='lat' dir='ltr'><strong>ceres</strong></span> <span class='ocrx_word' id='word_1_445' title='bbox 159 2548 187 2569; x_wconf 90' lang='lat' dir='ltr'><strong>et</strong></span> <span class='ocrx_word' id='word_1_446' title='bbox 202 2546 359 2570; x_wconf 70' lang='lat' dir='ltr'><strong>comitivam</strong></span> <span class='ocrx_word' id='word_1_447' title='bbox 378 2547 504 2579; x_wconf 77' lang='lat' dir='ltr'><strong>prefatos</strong></span> <span class='ocrx_word' id='word_1_448' title='bbox 521 2548 623 2579; x_wconf 87' lang='lat' dir='ltr'><strong>ubique</strong></span> <span class='ocrx_word' id='word_1_449' title='bbox 639 2554 737 2571; x_wconf 87' lang='lat' dir='ltr'><strong>secure</strong></span> <span class='ocrx_word' id='word_1_450' title='bbox 757 2550 784 2572; x_wconf 81' lang='lat' dir='ltr'><strong>et</strong></span> <span class='ocrx_word' id='word_1_451' title='bbox 800 2548 977 2573; x_wconf 85' lang='lat' dir='ltr'><strong>immunitate</strong></span> 
     </span>
     <span class='ocr_line' id='line_1_63' title="bbox 61 2588 978 2625; baseline 0.005 -13"><span class='ocrx_word' id='word_1_452' title='bbox 61 2589 99 2613; x_wconf 86' lang='lat' dir='ltr'><strong>nti</strong></span> <span class='ocrx_word' id='word_1_453' title='bbox 126 2588 179 2612; x_wconf 75' lang='lat' dir='ltr'><strong>frui</strong></span> <span class='ocrx_word' id='word_1_454' title='bbox 204 2592 231 2613; x_wconf 88' lang='lat' dir='ltr'><strong>et</strong></span> <span class='ocrx_word' id='word_1_455' title='bbox 252 2589 390 2622; x_wconf 82' lang='lat' dir='ltr'><strong>gaudere,</strong></span> <span class='ocrx_word' id='word_1_456' title='bbox 420 2598 450 2615; x_wconf 89' lang='lat' dir='ltr'><strong>ac</strong></span> <span class='ocrx_word' id='word_1_457' title='bbox 473 2591 596 2623; x_wconf 83' lang='lat' dir='ltr'><strong>undique</strong></span> <span class='ocrx_word' id='word_1_458' title='bbox 623 2590 819 2615; x_wconf 75' lang='lat' dir='ltr'><strong>favorabiliter</strong></span> <span class='ocrx_word' id='word_1_459' title='bbox 842 2593 926 2625; x_wconf 82' lang='lat' dir='ltr'><strong>recipi</strong></span> <span class='ocrx_word' id='word_1_460' title='bbox 952 2596 978 2618; x_wconf 84' lang='lat' dir='ltr'><strong>et</strong></span> 
     </span>
     <span class='ocr_line' id='line_1_64' title="bbox 61 2632 974 2665; baseline 0.005 -8"><span class='ocrx_word' id='word_1_461' title='bbox 61 2633 174 2657; x_wconf 82' lang='lat' dir='ltr'><strong>tractari</strong></span> <span class='ocrx_word' id='word_1_462' title='bbox 193 2632 309 2665; x_wconf 84' lang='lat' dir='ltr'><strong>ideoque</strong></span> <span class='ocrx_word' id='word_1_463' title='bbox 327 2633 478 2660; x_wconf 85' lang='lat' dir='ltr'><strong>dominium</strong></span> <span class='ocrx_word' id='word_1_464' title='bbox 497 2634 607 2660; x_wconf 80' lang='lat' dir='ltr'><strong>illustre</strong></span> <span class='ocrx_word' id='word_1_465' title='bbox 625 2643 656 2659; x_wconf 81' lang='lat' dir='ltr'><strong>ac</strong></span> <span class='ocrx_word' id='word_1_466' title='bbox 674 2635 903 2661; x_wconf 73' lang='lat' dir='ltr'><strong>communitatem</strong></span> <span class='ocrx_word' id='word_1_467' title='bbox 924 2637 974 2662; x_wconf 61' lang='lat' dir='ltr'><strong>Ve-</strong></span> 
     </span>
    </p>
   </div>
   <div class='ocr_carea' id='block_1_10' title="bbox 1045 1129 1977 2663">
    <p class='ocr_par' dir='ltr' id='par_1_11' title="bbox 1045 1129 1977 2663">
     <span class='ocr_line' id='line_1_65' title="bbox 1048 1129 1975 1155; baseline -0.001 0"><span class='ocrx_word' id='word_1_468' title='bbox 1048 1131 1190 1155; x_wconf 87' lang='lat' dir='ltr'><strong>netiarum</strong></span> <span class='ocrx_word' id='word_1_469' title='bbox 1199 1138 1251 1155; x_wconf 90' lang='lat' dir='ltr'><strong>nec</strong></span> <span class='ocrx_word' id='word_1_470' title='bbox 1260 1138 1316 1155; x_wconf 92' lang='lat' dir='ltr'><strong>non</strong></span> <span class='ocrx_word' id='word_1_471' title='bbox 1324 1130 1449 1154; x_wconf 86' lang='lat' dir='ltr'><strong>nobilem</strong></span> <span class='ocrx_word' id='word_1_472' title='bbox 1458 1139 1470 1153; x_wconf 69' lang='grc' dir='ltr'>ι</span> <span class='ocrx_word' id='word_1_473' title='bbox 1479 1129 1694 1154; x_wconf 85' lang='lat' dir='ltr'><strong>irumBorzium</strong></span> <span class='ocrx_word' id='word_1_474' title='bbox 1705 1130 1898 1154; x_wconf 84' lang='lat' dir='ltr'><strong>marchionem</strong></span> <span class='ocrx_word' id='word_1_475' title='bbox 1907 1129 1975 1154; x_wconf 83' lang='lat' dir='ltr'><strong>Fer-</strong></span> 
     </span>
     <span class='ocr_line' id='line_1_66' title="bbox 1048 1174 1974 1200; baseline -0.002 0"><span class='ocrx_word' id='word_1_476' title='bbox 1048 1176 1204 1200; x_wconf 89' lang='lat' dir='ltr'><strong>rariensem</strong></span> <span class='ocrx_word' id='word_1_477' title='bbox 1226 1175 1362 1199; x_wconf 90' lang='lat' dir='ltr'><strong>vicarium</strong></span> <span class='ocrx_word' id='word_1_478' title='bbox 1381 1177 1510 1199; x_wconf 77' lang='lat' dir='ltr'><strong>nostruin</strong></span> <span class='ocrx_word' id='word_1_479' title='bbox 1527 1183 1580 1199; x_wconf 88' lang='lat' dir='ltr'><strong>nec</strong></span> <span class='ocrx_word' id='word_1_480' title='bbox 1603 1182 1661 1199; x_wconf 88' lang='lat' dir='ltr'><strong>non</strong></span> <span class='ocrx_word' id='word_1_481' title='bbox 1678 1174 1890 1199; x_wconf 86' lang='lat' dir='ltr'><strong>Bononiensem</strong></span> <span class='ocrx_word' id='word_1_482' title='bbox 1907 1174 1974 1198; x_wconf 63' lang='lat' dir='ltr'><strong>Flo&lt;</strong></span> 
     </span>
     <span class='ocr_line' id='line_1_67' title="bbox 1047 1217 1972 1245; baseline -0.001 -1"><span class='ocrx_word' id='word_1_483' title='bbox 1047 1220 1192 1245; x_wconf 83' lang='lat' dir='ltr'><strong>rentinam</strong></span> <span class='ocrx_word' id='word_1_484' title='bbox 1214 1219 1412 1244; x_wconf 85' lang='lat' dir='ltr'><strong>Lucanensem</strong></span> <span class='ocrx_word' id='word_1_485' title='bbox 1436 1221 1464 1242; x_wconf 90' lang='lat' dir='ltr'><strong>et</strong></span> <span class='ocrx_word' id='word_1_486' title='bbox 1489 1218 1646 1243; x_wconf 85' lang='lat' dir='ltr'><strong>Senensem</strong></span> <span class='ocrx_word' id='word_1_487' title='bbox 1674 1217 1893 1243; x_wconf 81' lang='lat' dir='ltr'><strong>communitates</strong></span> <span class='ocrx_word' id='word_1_488' title='bbox 1919 1226 1972 1243; x_wconf 71' lang='lat' dir='ltr'><strong>net,</strong></span> 
     </span>
     <span class='ocr_line' id='line_1_68' title="bbox 1048 1263 1972 1297; baseline -0.002 -9"><span class='ocrx_word' id='word_1_489' title='bbox 1048 1272 1106 1288; x_wconf 91' lang='lat' dir='ltr'><strong>non</strong></span> <span class='ocrx_word' id='word_1_490' title='bbox 1126 1264 1251 1297; x_wconf 90' lang='lat' dir='ltr'><strong>ipsorum</strong></span> <span class='ocrx_word' id='word_1_491' title='bbox 1270 1264 1395 1288; x_wconf 89' lang='lat' dir='ltr'><strong>omnium</strong></span> <span class='ocrx_word' id='word_1_492' title='bbox 1415 1263 1542 1287; x_wconf 86' lang='lat' dir='ltr'><strong>subditos</strong></span> <span class='ocrx_word' id='word_1_493' title='bbox 1565 1270 1596 1287; x_wconf 88' lang='lat' dir='ltr'><strong>ac</strong></span> <span class='ocrx_word' id='word_1_494' title='bbox 1612 1263 1830 1287; x_wconf 86' lang='lat' dir='ltr'><strong>universitatem</strong></span> <span class='ocrx_word' id='word_1_495' title='bbox 1850 1265 1972 1287; x_wconf 73' lang='lat' dir='ltr'><strong>vestram</strong></span> 
     </span>
     <span class='ocr_line' id='line_1_69' title="bbox 1050 1306 1974 1341; baseline -0.003 -7"><span class='ocrx_word' id='word_1_496' title='bbox 1050 1312 1078 1334; x_wconf 88' lang='lat' dir='ltr'><strong>et</strong></span> <span class='ocrx_word' id='word_1_497' title='bbox 1100 1310 1226 1333; x_wconf 73' lang='lat' dir='ltr'><strong>vestrum</strong></span> <span class='ocrx_word' id='word_1_498' title='bbox 1250 1308 1379 1341; x_wconf 80' lang='lat' dir='ltr'><strong>singulos</strong></span> <span class='ocrx_word' id='word_1_499' title='bbox 1399 1307 1570 1339; x_wconf 86' lang='lat' dir='ltr'><strong>requirimus</strong></span> <span class='ocrx_word' id='word_1_500' title='bbox 1592 1309 1620 1331; x_wconf 88' lang='lat' dir='ltr'><strong>et</strong></span> <span class='ocrx_word' id='word_1_501' title='bbox 1645 1307 1794 1330; x_wconf 87' lang='lat' dir='ltr'><strong>hortamur</strong></span> <span class='ocrx_word' id='word_1_502' title='bbox 1817 1307 1845 1330; x_wconf 94' lang='lat' dir='ltr'><strong>in</strong></span> <span class='ocrx_word' id='word_1_503' title='bbox 1861 1306 1974 1331; x_wconf 88' lang='lat' dir='ltr'><strong>domino</strong></span> 
     </span>
     <span class='ocr_line' id='line_1_70' title="bbox 1048 1350 1975 1378; baseline -0.002 -1"><span class='ocrx_word' id='word_1_504' title='bbox 1048 1353 1167 1378; x_wconf 86' lang='lat' dir='ltr'><strong>subditis</strong></span> <span class='ocrx_word' id='word_1_505' title='bbox 1183 1360 1249 1377; x_wconf 85' lang='lat' dir='ltr'><strong>vero</strong></span> <span class='ocrx_word' id='word_1_506' title='bbox 1267 1356 1295 1377; x_wconf 88' lang='lat' dir='ltr'><strong>et</strong></span> <span class='ocrx_word' id='word_1_507' title='bbox 1310 1350 1490 1376; x_wconf 74' lang='lat' dir='ltr'><strong>orliicialibus</strong></span> <span class='ocrx_word' id='word_1_508' title='bbox 1507 1351 1612 1375; x_wconf 86' lang='lat' dir='ltr'><strong>nostris</strong></span> <span class='ocrx_word' id='word_1_509' title='bbox 1628 1354 1724 1375; x_wconf 86' lang='lat' dir='ltr'><strong>sancte</strong></span> <span class='ocrx_word' id='word_1_510' title='bbox 1740 1350 1866 1376; x_wconf 84' lang='lat' dir='ltr'><strong>Romane</strong></span> <span class='ocrx_word' id='word_1_511' title='bbox 1882 1351 1975 1376; x_wconf 83' lang='lat' dir='ltr'><strong>eccle—&#39;</strong></span> 
     </span>
     <span class='ocr_line' id='line_1_71' title="bbox 1049 1394 1973 1429; baseline -0.002 -8"><span class='ocrx_word' id='word_1_512' title='bbox 1049 1397 1088 1422; x_wconf 92' lang='lat' dir='ltr'><strong>sie</strong></span> <span class='ocrx_word' id='word_1_513' title='bbox 1102 1397 1226 1429; x_wconf 88' lang='lat' dir='ltr'><strong>predicte</strong></span> <span class='ocrx_word' id='word_1_514' title='bbox 1242 1396 1361 1421; x_wconf 87' lang='lat' dir='ltr'><strong>ubilibet</strong></span> <span class='ocrx_word' id='word_1_515' title='bbox 1371 1394 1534 1420; x_wconf 87' lang='lat' dir='ltr'><strong>constitutis</strong></span> <span class='ocrx_word' id='word_1_516' title='bbox 1551 1401 1602 1419; x_wconf 69' lang='lat' dir='ltr'><strong>nec</strong></span> <span class='ocrx_word' id='word_1_517' title='bbox 1618 1403 1677 1419; x_wconf 90' lang='lat' dir='ltr'><strong>non</strong></span> <span class='ocrx_word' id='word_1_518' title='bbox 1691 1396 1820 1427; x_wconf 76' lang='lat' dir='ltr'><strong>gentium</strong></span> <span class='ocrx_word' id='word_1_519' title='bbox 1830 1403 1973 1419; x_wconf 87' lang='lat' dir='ltr'><strong>armorum</strong></span> 
     </span>
     <span class='ocr_line' id='line_1_72' title="bbox 1047 1439 1974 1474; baseline -0.002 -9"><span class='ocrx_word' id='word_1_520' title='bbox 1047 1442 1201 1474; x_wconf 81' lang='lat' dir='ltr'><strong>capitaneis</strong></span> <span class='ocrx_word' id='word_1_521' title='bbox 1219 1441 1251 1465; x_wconf 88' lang='lat' dir='ltr'><strong>ad</strong></span> <span class='ocrx_word' id='word_1_522' title='bbox 1266 1443 1363 1465; x_wconf 83' lang='lat' dir='ltr'><strong>nostra</strong></span> <span class='ocrx_word' id='word_1_523' title='bbox 1379 1440 1451 1464; x_wconf 84' lang='lat' dir='ltr'><strong>dicte</strong></span> <span class='ocrx_word' id='word_1_524' title='bbox 1469 1439 1589 1464; x_wconf 84' lang='lat' dir='ltr'><strong>ecclesie</strong></span> <span class='ocrx_word' id='word_1_525' title='bbox 1603 1447 1635 1464; x_wconf 91' lang='lat' dir='ltr'><strong>ac</strong></span> <span class='ocrx_word' id='word_1_526' title='bbox 1654 1442 1751 1464; x_wconf 89' lang='lat' dir='ltr'><strong>vestra</strong></span> <span class='ocrx_word' id='word_1_527' title='bbox 1768 1439 1906 1471; x_wconf 80' lang='lat' dir='ltr'><strong>stipendia</strong></span> <span class='ocrx_word' id='word_1_528' title='bbox 1924 1440 1974 1463; x_wconf 90' lang='lat' dir='ltr'><strong>mi-</strong></span> 
     </span>
     <span class='ocr_line' id='line_1_73' title="bbox 1046 1483 1973 1516; baseline -0.001 -7"><span class='ocrx_word' id='word_1_529' title='bbox 1046 1486 1195 1510; x_wconf 85' lang='lat' dir='ltr'><strong>litantibus</strong></span> <span class='ocrx_word' id='word_1_530' title='bbox 1210 1485 1262 1509; x_wconf 85' lang='lat' dir='ltr'><strong>sub</strong></span> <span class='ocrx_word' id='word_1_531' title='bbox 1274 1484 1572 1510; x_wconf 84' lang='lat' dir='ltr'><strong>excommunicationis</strong></span> <span class='ocrx_word' id='word_1_532' title='bbox 1590 1485 1618 1508; x_wconf 89' lang='lat' dir='ltr'><strong>et</strong></span> <span class='ocrx_word' id='word_1_533' title='bbox 1634 1483 1824 1508; x_wconf 84' lang='lat' dir='ltr'><strong>anathematis</strong></span> <span class='ocrx_word' id='word_1_534' title='bbox 1840 1483 1921 1516; x_wconf 88' lang='lat' dir='ltr'><strong>penis</strong></span> <span class='ocrx_word' id='word_1_535' title='bbox 1932 1484 1973 1508; x_wconf 90' lang='lat' dir='ltr'><strong>di-</strong></span> 
     </span>
     <span class='ocr_line' id='line_1_74' title="bbox 1048 1527 1975 1562; baseline -0.003 -8"><span class='ocrx_word' id='word_1_536' title='bbox 1048 1530 1145 1555; x_wconf 88' lang='lat' dir='ltr'><strong>stricte</strong></span> <span class='ocrx_word' id='word_1_537' title='bbox 1160 1529 1344 1562; x_wconf 85' lang='lat' dir='ltr'><strong>precipiendo</strong></span> <span class='ocrx_word' id='word_1_538' title='bbox 1361 1528 1537 1559; x_wconf 83' lang='lat' dir='ltr'><strong>mandamus,</strong></span> <span class='ocrx_word' id='word_1_539' title='bbox 1556 1527 1689 1560; x_wconf 84' lang='lat' dir='ltr'><strong>quatinus</strong></span> <span class='ocrx_word' id='word_1_540' title='bbox 1701 1535 1784 1561; x_wconf 73' lang='lat' dir='ltr'><strong>reges</strong></span> <span class='ocrx_word' id='word_1_541' title='bbox 1801 1528 1886 1552; x_wconf 86' lang='lat' dir='ltr'><strong>duces</strong></span> <span class='ocrx_word' id='word_1_542' title='bbox 1902 1535 1975 1552; x_wconf 88' lang='lat' dir='ltr'><strong>mar-</strong></span> 
     </span>
     <span class='ocr_line' id='line_1_75' title="bbox 1047 1572 1971 1606; baseline -0.003 -8"><span class='ocrx_word' id='word_1_543' title='bbox 1047 1574 1164 1598; x_wconf 89' lang='lat' dir='ltr'><strong>chiones</strong></span> <span class='ocrx_word' id='word_1_544' title='bbox 1179 1574 1296 1598; x_wconf 88' lang='lat' dir='ltr'><strong>comites</strong></span> <span class='ocrx_word' id='word_1_545' title='bbox 1312 1573 1455 1606; x_wconf 88' lang='lat' dir='ltr'><strong>principes</strong></span> <span class='ocrx_word' id='word_1_546' title='bbox 1471 1573 1593 1597; x_wconf 83' lang='lat' dir='ltr'><strong>barones</strong></span> <span class='ocrx_word' id='word_1_547' title='bbox 1608 1572 1712 1596; x_wconf 89' lang='lat' dir='ltr'><strong>milites</strong></span> <span class='ocrx_word' id='word_1_548' title='bbox 1730 1580 1864 1604; x_wconf 85' lang='lat' dir='ltr'><strong>proceres</strong></span> <span class='ocrx_word' id='word_1_549' title='bbox 1883 1575 1910 1596; x_wconf 88' lang='lat' dir='ltr'><strong>et</strong></span> <span class='ocrx_word' id='word_1_550' title='bbox 1925 1579 1971 1595; x_wconf 60' lang='lat' dir='ltr'><strong>eo&gt;</strong></span> 
     </span>
     <span class='ocr_line' id='line_1_76' title="bbox 1046 1615 1974 1647; baseline -0.003 -5"><span class='ocrx_word' id='word_1_551' title='bbox 1046 1626 1108 1642; x_wconf 89' lang='lat' dir='ltr'><strong>rum</strong></span> <span class='ocrx_word' id='word_1_552' title='bbox 1132 1618 1294 1643; x_wconf 87' lang='lat' dir='ltr'><strong>comitivam</strong></span> <span class='ocrx_word' id='word_1_553' title='bbox 1312 1617 1473 1642; x_wconf 87' lang='lat' dir='ltr'><strong>huiusmodi</strong></span> <span class='ocrx_word' id='word_1_554' title='bbox 1491 1625 1553 1641; x_wconf 88' lang='lat' dir='ltr'><strong>eum</strong></span> <span class='ocrx_word' id='word_1_555' title='bbox 1576 1616 1672 1640; x_wconf 85' lang='lat' dir='ltr'><strong>salmis</strong></span> <span class='ocrx_word' id='word_1_556' title='bbox 1692 1616 1770 1647; x_wconf 90' lang='lat' dir='ltr'><strong>equis</strong></span> <span class='ocrx_word' id='word_1_557' title='bbox 1785 1615 1917 1646; x_wconf 88' lang='lat' dir='ltr'><strong>tentorijs</strong></span> <span class='ocrx_word' id='word_1_558' title='bbox 1934 1616 1974 1640; x_wconf 88' lang='lat' dir='ltr'><strong>in-</strong></span> 
     </span>
     <span class='ocr_line' id='line_1_77' title="bbox 1045 1660 1975 1696; baseline -0.004 -9"><span class='ocrx_word' id='word_1_559' title='bbox 1045 1662 1137 1696; x_wconf 79' lang='lat' dir='ltr'><strong>geniis</strong></span> <span class='ocrx_word' id='word_1_560' title='bbox 1147 1662 1255 1686; x_wconf 87' lang='lat' dir='ltr'><strong>balistis</strong></span> <span class='ocrx_word' id='word_1_561' title='bbox 1266 1662 1349 1686; x_wconf 86' lang='lat' dir='ltr'><strong>armis</strong></span> <span class='ocrx_word' id='word_1_562' title='bbox 1361 1660 1480 1694; x_wconf 69' lang='lat' dir='ltr'><strong>gemmis</strong></span> <span class='ocrx_word' id='word_1_563' title='bbox 1489 1668 1520 1685; x_wconf 88' lang='lat' dir='ltr'><strong>ac</strong></span> <span class='ocrx_word' id='word_1_564' title='bbox 1531 1660 1670 1692; x_wconf 87' lang='lat' dir='ltr'><strong>lapidibus</strong></span> <span class='ocrx_word' id='word_1_565' title='bbox 1681 1660 1817 1692; x_wconf 81' lang='lat' dir='ltr'><strong>preciosis</strong></span> <span class='ocrx_word' id='word_1_566' title='bbox 1829 1667 1897 1684; x_wconf 88' lang='lat' dir='ltr'><strong>auro</strong></span> <span class='ocrx_word' id='word_1_567' title='bbox 1914 1668 1975 1684; x_wconf 60' lang='lat' dir='ltr'><strong>mo⁴</strong></span> 
     </span>
     <span class='ocr_line' id='line_1_78' title="bbox 1048 1704 1977 1736; baseline -0.004 -5"><span class='ocrx_word' id='word_1_568' title='bbox 1048 1709 1145 1731; x_wconf 89' lang='lat' dir='ltr'><strong>netato</strong></span> <span class='ocrx_word' id='word_1_569' title='bbox 1163 1712 1191 1731; x_wconf 85' lang='lat' dir='ltr'><strong>et</strong></span> <span class='ocrx_word' id='word_1_570' title='bbox 1213 1714 1271 1730; x_wconf 91' lang='lat' dir='ltr'><strong>non</strong></span> <span class='ocrx_word' id='word_1_571' title='bbox 1294 1708 1441 1730; x_wconf 73' lang='lat' dir='ltr'><strong>monetat«)</strong></span> <span class='ocrx_word' id='word_1_572' title='bbox 1458 1713 1510 1729; x_wconf 84' lang='lat' dir='ltr'><strong>nec</strong></span> <span class='ocrx_word' id='word_1_573' title='bbox 1532 1712 1590 1728; x_wconf 91' lang='lat' dir='ltr'><strong>non</strong></span> <span class='ocrx_word' id='word_1_574' title='bbox 1609 1704 1715 1728; x_wconf 77' lang='lat' dir='ltr'><strong>valisiis</strong></span> <span class='ocrx_word' id='word_1_575' title='bbox 1735 1704 1847 1736; x_wconf 62' lang='lat' dir='ltr'><strong>boggiis</strong></span> <span class='ocrx_word' id='word_1_576' title='bbox 1865 1712 1897 1727; x_wconf 88' lang='lat' dir='ltr'><strong>ac</strong></span> <span class='ocrx_word' id='word_1_577' title='bbox 1913 1704 1977 1728; x_wconf 81' lang='lat' dir='ltr'><strong>aliis</strong></span> 
     </span>
     <span class='ocr_line' id='line_1_79' title="bbox 1046 1748 1976 1782; baseline -0.004 -7"><span class='ocrx_word' id='word_1_578' title='bbox 1046 1751 1128 1776; x_wconf 87' lang='lat' dir='ltr'><strong>bonis</strong></span> <span class='ocrx_word' id='word_1_579' title='bbox 1138 1751 1272 1782; x_wconf 82' lang='lat' dir='ltr'><strong>predictis</strong></span> <span class='ocrx_word' id='word_1_580' title='bbox 1284 1758 1335 1782; x_wconf 89' lang='lat' dir='ltr'><strong>per</strong></span> <span class='ocrx_word' id='word_1_581' title='bbox 1343 1752 1442 1774; x_wconf 89' lang='lat' dir='ltr'><strong>nostra</strong></span> <span class='ocrx_word' id='word_1_582' title='bbox 1452 1752 1479 1774; x_wconf 89' lang='lat' dir='ltr'><strong>et</strong></span> <span class='ocrx_word' id='word_1_583' title='bbox 1489 1751 1583 1774; x_wconf 88' lang='lat' dir='ltr'><strong>vestra</strong></span> <span class='ocrx_word' id='word_1_584' title='bbox 1592 1748 1734 1773; x_wconf 88' lang='lat' dir='ltr'><strong>territoria</strong></span> <span class='ocrx_word' id='word_1_585' title='bbox 1745 1749 1873 1773; x_wconf 77' lang='lat' dir='ltr'><strong>civitates</strong></span> <span class='ocrx_word' id='word_1_586' title='bbox 1883 1751 1976 1772; x_wconf 83' lang='lat' dir='ltr'><strong>castra</strong></span> 
     </span>
     <span class='ocr_line' id='line_1_80' title="bbox 1047 1792 1975 1827; baseline -0.005 -7"><span class='ocrx_word' id='word_1_587' title='bbox 1047 1796 1180 1820; x_wconf 83' lang='lat' dir='ltr'><strong>fortilicia</strong></span> <span class='ocrx_word' id='word_1_588' title='bbox 1204 1802 1304 1827; x_wconf 84' lang='lat' dir='ltr'><strong>passus</strong></span> <span class='ocrx_word' id='word_1_589' title='bbox 1322 1796 1423 1826; x_wconf 87' lang='lat' dir='ltr'><strong>portus</strong></span> <span class='ocrx_word' id='word_1_590' title='bbox 1448 1796 1550 1826; x_wconf 87' lang='lat' dir='ltr'><strong>pontes</strong></span> <span class='ocrx_word' id='word_1_591' title='bbox 1572 1793 1690 1817; x_wconf 72' lang='lat' dir='ltr'><strong>{lumina</strong></span> <span class='ocrx_word' id='word_1_592' title='bbox 1717 1795 1745 1817; x_wconf 91' lang='lat' dir='ltr'><strong>et</strong></span> <span class='ocrx_word' id='word_1_593' title='bbox 1768 1793 1830 1816; x_wconf 89' lang='lat' dir='ltr'><strong>loca</strong></span> <span class='ocrx_word' id='word_1_594' title='bbox 1848 1792 1975 1823; x_wconf 80' lang='lat' dir='ltr'><strong>quelibet</strong></span> 
     </span>
     <span class='ocr_line' id='line_1_81' title="bbox 1048 1837 1975 1872; baseline -0.003 -8"><span class='ocrx_word' id='word_1_595' title='bbox 1048 1843 1104 1864; x_wconf 89' lang='lat' dir='ltr'><strong>tam</strong></span> <span class='ocrx_word' id='word_1_596' title='bbox 1119 1847 1170 1872; x_wconf 90' lang='lat' dir='ltr'><strong>per</strong></span> <span class='ocrx_word' id='word_1_597' title='bbox 1190 1847 1290 1871; x_wconf 85' lang='lat' dir='ltr'><strong>aquam</strong></span> <span class='ocrx_word' id='word_1_598' title='bbox 1310 1846 1393 1870; x_wconf 89' lang='lat' dir='ltr'><strong>quam</strong></span> <span class='ocrx_word' id='word_1_599' title='bbox 1416 1845 1467 1870; x_wconf 85' lang='lat' dir='ltr'><strong>per</strong></span> <span class='ocrx_word' id='word_1_600' title='bbox 1487 1840 1593 1861; x_wconf 81' lang='lat' dir='ltr'><strong>terrain</strong></span> <span class='ocrx_word' id='word_1_601' title='bbox 1618 1837 1678 1861; x_wconf 86' lang='lat' dir='ltr'><strong>sine</strong></span> <span class='ocrx_word' id='word_1_602' title='bbox 1694 1837 1837 1864; x_wconf 82' lang='lat' dir='ltr'><strong>solutione</strong></span> <span class='ocrx_word' id='word_1_603' title='bbox 1854 1837 1975 1861; x_wconf 84' lang='lat' dir='ltr'><strong>alicuius</strong></span> 
     </span>
     <span class='ocr_line' id='line_1_82' title="bbox 1048 1880 1969 1916; baseline -0.003 -8"><span class='ocrx_word' id='word_1_604' title='bbox 1048 1883 1171 1916; x_wconf 74' lang='lat' dir='ltr'><strong>seugarii</strong></span> <span class='ocrx_word' id='word_1_605' title='bbox 1188 1883 1348 1915; x_wconf 65' lang='lat' dir='ltr'><strong>perengarii</strong></span> <span class='ocrx_word' id='word_1_606' title='bbox 1368 1881 1530 1906; x_wconf 76' lang='lat' dir='ltr'><strong>fundinavis</strong></span> <span class='ocrx_word' id='word_1_607' title='bbox 1550 1881 1619 1905; x_wconf 86' lang='lat' dir='ltr'><strong>dacii</strong></span> <span class='ocrx_word' id='word_1_608' title='bbox 1637 1880 1760 1914; x_wconf 79' lang='lat' dir='ltr'><strong>passagii</strong></span> <span class='ocrx_word' id='word_1_609' title='bbox 1779 1884 1907 1905; x_wconf 88' lang='lat' dir='ltr'><strong>costume</strong></span> <span class='ocrx_word' id='word_1_610' title='bbox 1924 1882 1969 1905; x_wconf 77' lang='lat' dir='ltr'><strong>rol</strong></span> 
     </span>
     <span class='ocr_line' id='line_1_83' title="bbox 1049 1925 1973 1962; baseline -0.003 -10"><span class='ocrx_word' id='word_1_611' title='bbox 1049 1927 1161 1962; x_wconf 79' lang='lat' dir='ltr'><strong>gabelle</strong></span> <span class='ocrx_word' id='word_1_612' title='bbox 1184 1930 1233 1952; x_wconf 87' lang='lat' dir='ltr'><strong>ant</strong></span> <span class='ocrx_word' id='word_1_613' title='bbox 1255 1927 1373 1951; x_wconf 87' lang='lat' dir='ltr'><strong>alicuius</strong></span> <span class='ocrx_word' id='word_1_614' title='bbox 1392 1925 1509 1950; x_wconf 88' lang='lat' dir='ltr'><strong>alterius</strong></span> <span class='ocrx_word' id='word_1_615' title='bbox 1532 1925 1727 1956; x_wconf 88' lang='lat' dir='ltr'><strong>cuiuscunque</strong></span> <span class='ocrx_word' id='word_1_616' title='bbox 1747 1925 1841 1949; x_wconf 83' lang='lat' dir='ltr'><strong>indicti</strong></span> <span class='ocrx_word' id='word_1_617' title='bbox 1865 1925 1909 1949; x_wconf 75' lang='lat' dir='ltr'><strong>vel</strong></span> <span class='ocrx_word' id='word_1_618' title='bbox 1931 1925 1973 1949; x_wconf 91' lang='lat' dir='ltr'><strong>in—</strong></span> 
     </span>
     <span class='ocr_line' id='line_1_84' title="bbox 1048 1969 1973 2001; baseline -0.003 -4"><span class='ocrx_word' id='word_1_619' title='bbox 1048 1972 1157 1997; x_wconf 86' lang='lat' dir='ltr'><strong>dicendi</strong></span> <span class='ocrx_word' id='word_1_620' title='bbox 1173 1971 1268 1996; x_wconf 88' lang='lat' dir='ltr'><strong>oneris</strong></span> <span class='ocrx_word' id='word_1_621' title='bbox 1280 1971 1425 1995; x_wconf 72' lang='lat' dir='ltr'><strong>exactione</strong></span> <span class='ocrx_word' id='word_1_622' title='bbox 1441 1970 1553 1994; x_wconf 86' lang='lat' dir='ltr'><strong>tociens</strong></span> <span class='ocrx_word' id='word_1_623' title='bbox 1569 1970 1704 2001; x_wconf 87' lang='lat' dir='ltr'><strong>quociens</strong></span> <span class='ocrx_word' id='word_1_624' title='bbox 1719 1977 1789 2001; x_wconf 87' lang='lat' dir='ltr'><strong>opus</strong></span> <span class='ocrx_word' id='word_1_625' title='bbox 1801 1969 1887 1993; x_wconf 83' lang='lat' dir='ltr'><strong>fuerit</strong></span> <span class='ocrx_word' id='word_1_626' title='bbox 1897 1972 1973 1994; x_wconf 87' lang='lat' dir='ltr'><strong>stare</strong></span> 
     </span>
     <span class='ocr_line' id='line_1_85' title="bbox 1049 2013 1972 2047; baseline -0.005 -6"><span class='ocrx_word' id='word_1_627' title='bbox 1049 2016 1090 2041; x_wconf 87' lang='lat' dir='ltr'><strong>ire</strong></span> <span class='ocrx_word' id='word_1_628' title='bbox 1105 2016 1228 2041; x_wconf 85' lang='lat' dir='ltr'><strong>transire</strong></span> <span class='ocrx_word' id='word_1_629' title='bbox 1249 2018 1277 2040; x_wconf 89' lang='lat' dir='ltr'><strong>et</strong></span> <span class='ocrx_word' id='word_1_630' title='bbox 1292 2015 1383 2040; x_wconf 86' lang='lat' dir='ltr'><strong>redire</strong></span> <span class='ocrx_word' id='word_1_631' title='bbox 1400 2023 1451 2047; x_wconf 87' lang='lat' dir='ltr'><strong>pro</strong></span> <span class='ocrx_word' id='word_1_632' title='bbox 1468 2016 1567 2038; x_wconf 84' lang='lat' dir='ltr'><strong>nostra</strong></span> <span class='ocrx_word' id='word_1_633' title='bbox 1586 2016 1614 2038; x_wconf 89' lang='lat' dir='ltr'><strong>et</strong></span> <span class='ocrx_word' id='word_1_634' title='bbox 1628 2013 1787 2046; x_wconf 88' lang='lat' dir='ltr'><strong>apostolice</strong></span> <span class='ocrx_word' id='word_1_635' title='bbox 1802 2013 1876 2037; x_wconf 89' lang='lat' dir='ltr'><strong>sedis</strong></span> <span class='ocrx_word' id='word_1_636' title='bbox 1892 2020 1972 2037; x_wconf 77' lang='lat' dir='ltr'><strong>reve-</strong></span> 
     </span>
     <span class='ocr_line' id='line_1_86' title="bbox 1048 2057 1974 2091; baseline -0.005 -6"><span class='ocrx_word' id='word_1_637' title='bbox 1048 2060 1139 2085; x_wconf 88' lang='lat' dir='ltr'><strong>rentia</strong></span> <span class='ocrx_word' id='word_1_638' title='bbox 1155 2060 1241 2084; x_wconf 88' lang='lat' dir='ltr'><strong>libere</strong></span> <span class='ocrx_word' id='word_1_639' title='bbox 1261 2061 1290 2084; x_wconf 90' lang='lat' dir='ltr'><strong>et</strong></span> <span class='ocrx_word' id='word_1_640' title='bbox 1306 2060 1420 2091; x_wconf 90' lang='lat' dir='ltr'><strong>impune</strong></span> <span class='ocrx_word' id='word_1_641' title='bbox 1435 2057 1607 2090; x_wconf 87' lang='lat' dir='ltr'><strong>permittatis</strong></span> <span class='ocrx_word' id='word_1_642' title='bbox 1624 2060 1653 2082; x_wconf 84' lang='lat' dir='ltr'><strong>et</strong></span> <span class='ocrx_word' id='word_1_643' title='bbox 1669 2057 1855 2090; x_wconf 74' lang='lat' dir='ltr'><strong>permittant,</strong></span> <span class='ocrx_word' id='word_1_644' title='bbox 1869 2064 1899 2081; x_wconf 89' lang='lat' dir='ltr'><strong>ac</strong></span> <span class='ocrx_word' id='word_1_645' title='bbox 1914 2058 1974 2089; x_wconf 69' lang='lat' dir='ltr'><strong>qu}-</strong></span> 
     </span>
     <span class='ocr_line' id='line_1_87' title="bbox 1048 2101 1974 2137; baseline -0.004 -8"><span class='ocrx_word' id='word_1_646' title='bbox 1048 2104 1118 2129; x_wconf 86' lang='lat' dir='ltr'><strong>libet</strong></span> <span class='ocrx_word' id='word_1_647' title='bbox 1138 2112 1236 2129; x_wconf 90' lang='lat' dir='ltr'><strong>eorum</strong></span> <span class='ocrx_word' id='word_1_648' title='bbox 1257 2105 1405 2137; x_wconf 87' lang='lat' dir='ltr'><strong>permittat</strong></span> <span class='ocrx_word' id='word_1_649' title='bbox 1428 2111 1482 2127; x_wconf 88' lang='lat' dir='ltr'><strong>nec</strong></span> <span class='ocrx_word' id='word_1_650' title='bbox 1505 2102 1611 2127; x_wconf 87' lang='lat' dir='ltr'><strong>eisdem</strong></span> <span class='ocrx_word' id='word_1_651' title='bbox 1629 2102 1746 2135; x_wconf 80' lang='lat' dir='ltr'><strong>regibus</strong></span> <span class='ocrx_word' id='word_1_652' title='bbox 1765 2101 1882 2125; x_wconf 81' lang='lat' dir='ltr'><strong>ducibus</strong></span> <span class='ocrx_word' id='word_1_653' title='bbox 1899 2110 1974 2125; x_wconf 88' lang='lat' dir='ltr'><strong>mar-</strong></span> 
     </span>
     <span class='ocr_line' id='line_1_88' title="bbox 1048 2145 1969 2180; baseline -0.003 -8"><span class='ocrx_word' id='word_1_654' title='bbox 1048 2147 1198 2173; x_wconf 84' lang='lat' dir='ltr'><strong>chionibus</strong></span> <span class='ocrx_word' id='word_1_655' title='bbox 1214 2148 1364 2172; x_wconf 83' lang='lat' dir='ltr'><strong>comitibus</strong></span> <span class='ocrx_word' id='word_1_656' title='bbox 1379 2147 1555 2180; x_wconf 86' lang='lat' dir='ltr'><strong>principibus</strong></span> <span class='ocrx_word' id='word_1_657' title='bbox 1571 2146 1725 2170; x_wconf 87' lang='lat' dir='ltr'><strong>baronibus</strong></span> <span class='ocrx_word' id='word_1_658' title='bbox 1749 2145 1886 2170; x_wconf 84' lang='lat' dir='ltr'><strong>militibus</strong></span> <span class='ocrx_word' id='word_1_659' title='bbox 1905 2154 1969 2178; x_wconf 56' lang='lat' dir='ltr'><strong>prm</strong></span> 
     </span>
     <span class='ocr_line' id='line_1_89' title="bbox 1049 2189 1972 2225; baseline -0.003 -9"><span class='ocrx_word' id='word_1_660' title='bbox 1049 2193 1160 2218; x_wconf 84' lang='lat' dir='ltr'><strong>ceribus</strong></span> <span class='ocrx_word' id='word_1_661' title='bbox 1181 2200 1213 2217; x_wconf 89' lang='lat' dir='ltr'><strong>ac</strong></span> <span class='ocrx_word' id='word_1_662' title='bbox 1231 2193 1357 2225; x_wconf 88' lang='lat' dir='ltr'><strong>ipsorum</strong></span> <span class='ocrx_word' id='word_1_663' title='bbox 1380 2192 1512 2216; x_wconf 77' lang='lat' dir='ltr'><strong>comitiva</strong></span> <span class='ocrx_word' id='word_1_664' title='bbox 1531 2191 1627 2215; x_wconf 89' lang='lat' dir='ltr'><strong>salmis</strong></span> <span class='ocrx_word' id='word_1_665' title='bbox 1645 2190 1724 2221; x_wconf 89' lang='lat' dir='ltr'><strong>equis</strong></span> <span class='ocrx_word' id='word_1_666' title='bbox 1746 2190 1876 2214; x_wconf 81' lang='lat' dir='ltr'><strong>tentoriis</strong></span> <span class='ocrx_word' id='word_1_667' title='bbox 1894 2189 1972 2223; x_wconf 58' lang='lat' dir='ltr'><strong>inge&gt;</strong></span> 
     </span>
     <span class='ocr_line' id='line_1_90' title="bbox 1048 2234 1974 2269; baseline -0.004 -8"><span class='ocrx_word' id='word_1_668' title='bbox 1048 2237 1104 2261; x_wconf 90' lang='lat' dir='ltr'><strong>niis</strong></span> <span class='ocrx_word' id='word_1_669' title='bbox 1124 2236 1233 2261; x_wconf 87' lang='lat' dir='ltr'><strong>balistis</strong></span> <span class='ocrx_word' id='word_1_670' title='bbox 1257 2236 1341 2260; x_wconf 87' lang='lat' dir='ltr'><strong>armis</strong></span> <span class='ocrx_word' id='word_1_671' title='bbox 1361 2236 1481 2269; x_wconf 80' lang='lat' dir='ltr'><strong>gemmis</strong></span> <span class='ocrx_word' id='word_1_672' title='bbox 1503 2242 1534 2259; x_wconf 86' lang='lat' dir='ltr'><strong>ac</strong></span> <span class='ocrx_word' id='word_1_673' title='bbox 1552 2234 1690 2267; x_wconf 85' lang='lat' dir='ltr'><strong>lapidibus</strong></span> <span class='ocrx_word' id='word_1_674' title='bbox 1707 2234 1845 2266; x_wconf 80' lang='lat' dir='ltr'><strong>preciosis</strong></span> <span class='ocrx_word' id='word_1_675' title='bbox 1868 2234 1974 2258; x_wconf 61' lang='lat' dir='ltr'><strong>valisiis</strong></span> 
     </span>
     <span class='ocr_line' id='line_1_91' title="bbox 1047 2278 1974 2314; baseline -0.004 -9"><span class='ocrx_word' id='word_1_676' title='bbox 1047 2281 1162 2314; x_wconf 72' lang='lat' dir='ltr'><strong>hoggiis</strong></span> <span class='ocrx_word' id='word_1_677' title='bbox 1186 2288 1255 2305; x_wconf 84' lang='lat' dir='ltr'><strong>auro</strong></span> <span class='ocrx_word' id='word_1_678' title='bbox 1277 2283 1306 2305; x_wconf 82' lang='lat' dir='ltr'><strong>et</strong></span> <span class='ocrx_word' id='word_1_679' title='bbox 1329 2282 1448 2314; x_wconf 73' lang='lat' dir='ltr'><strong>argento</strong></span> <span class='ocrx_word' id='word_1_680' title='bbox 1470 2287 1501 2304; x_wconf 89' lang='lat' dir='ltr'><strong>ac</strong></span> <span class='ocrx_word' id='word_1_681' title='bbox 1525 2279 1607 2303; x_wconf 89' lang='lat' dir='ltr'><strong>bonis</strong></span> <span class='ocrx_word' id='word_1_682' title='bbox 1626 2278 1758 2310; x_wconf 62' lang='lat' dir='ltr'><strong>predictis</strong></span> <span class='ocrx_word' id='word_1_683' title='bbox 1783 2278 1911 2302; x_wconf 84' lang='lat' dir='ltr'><strong>inferatis</strong></span> <span class='ocrx_word' id='word_1_684' title='bbox 1930 2280 1974 2301; x_wconf 69' lang='lat' dir='ltr'><strong>rel</strong></span> 
     </span>
     <span class='ocr_line' id='line_1_92' title="bbox 1048 2322 1973 2349; baseline -0.003 0"><span class='ocrx_word' id='word_1_685' title='bbox 1048 2326 1174 2349; x_wconf 87' lang='lat' dir='ltr'><strong>inserant</strong></span> <span class='ocrx_word' id='word_1_686' title='bbox 1191 2324 1322 2349; x_wconf 91' lang='lat' dir='ltr'><strong>iniuriam</strong></span> <span class='ocrx_word' id='word_1_687' title='bbox 1337 2323 1498 2348; x_wconf 86' lang='lat' dir='ltr'><strong>molestiam</strong></span> <span class='ocrx_word' id='word_1_688' title='bbox 1521 2323 1566 2347; x_wconf 91' lang='lat' dir='ltr'><strong>vel</strong></span> <span class='ocrx_word' id='word_1_689' title='bbox 1584 2323 1668 2346; x_wconf 89' lang='lat' dir='ltr'><strong>ullam</strong></span> <span class='ocrx_word' id='word_1_690' title='bbox 1688 2322 1827 2346; x_wconf 78' lang='lat' dir='ltr'><strong>offensam</strong></span> <span class='ocrx_word' id='word_1_691' title='bbox 1844 2330 1875 2346; x_wconf 81' lang='lat' dir='ltr'><strong>ac</strong></span> <span class='ocrx_word' id='word_1_692' title='bbox 1890 2322 1973 2347; x_wconf 71' lang='lat' dir='ltr'><strong>aliani</strong></span> 
     </span>
     <span class='ocr_line' id='line_1_93' title="bbox 1048 2367 1959 2398; baseline -0.003 -5"><span class='ocrx_word' id='word_1_693' title='bbox 1048 2369 1158 2393; x_wconf 85' lang='lat' dir='ltr'><strong>noxiam</strong></span> <span class='ocrx_word' id='word_1_694' title='bbox 1176 2369 1348 2397; x_wconf 77' lang='lat' dir='ltr'><strong>novitatem,</strong></span> <span class='ocrx_word' id='word_1_695' title='bbox 1367 2376 1419 2392; x_wconf 86' lang='lat' dir='ltr'><strong>nec</strong></span> <span class='ocrx_word' id='word_1_696' title='bbox 1444 2368 1478 2391; x_wconf 86' lang='lat' dir='ltr'><strong>ab</strong></span> <span class='ocrx_word' id='word_1_697' title='bbox 1497 2367 1559 2391; x_wconf 86' lang='lat' dir='ltr'><strong>aliis</strong></span> <span class='ocrx_word' id='word_1_698' title='bbox 1578 2369 1714 2398; x_wconf 86' lang='lat' dir='ltr'><strong>quantum</strong></span> <span class='ocrx_word' id='word_1_699' title='bbox 1733 2367 1760 2391; x_wconf 90' lang='lat' dir='ltr'><strong>in</strong></span> <span class='ocrx_word' id='word_1_700' title='bbox 1778 2368 1855 2391; x_wconf 62' lang='lat' dir='ltr'><strong>iobis</strong></span> <span class='ocrx_word' id='word_1_701' title='bbox 1872 2370 1900 2391; x_wconf 78' lang='lat' dir='ltr'><strong>et</strong></span> <span class='ocrx_word' id='word_1_702' title='bbox 1916 2368 1959 2391; x_wconf 74' lang='lat' dir='ltr'><strong>rui</strong></span> 
     </span>
     <span class='ocr_line' id='line_1_94' title="bbox 1048 2411 1958 2443; baseline -0.002 -6"><span class='ocrx_word' id='word_1_703' title='bbox 1048 2414 1116 2438; x_wconf 92' lang='lat' dir='ltr'><strong>libet</strong></span> <span class='ocrx_word' id='word_1_704' title='bbox 1130 2416 1259 2438; x_wconf 82' lang='lat' dir='ltr'><strong>vestrum</strong></span> <span class='ocrx_word' id='word_1_705' title='bbox 1276 2412 1361 2437; x_wconf 74' lang='lat' dir='ltr'><strong>suerit</strong></span> <span class='ocrx_word' id='word_1_706' title='bbox 1370 2411 1539 2443; x_wconf 86' lang='lat' dir='ltr'><strong>permittatis</strong></span> <span class='ocrx_word' id='word_1_707' title='bbox 1550 2414 1578 2435; x_wconf 86' lang='lat' dir='ltr'><strong>et</strong></span> <span class='ocrx_word' id='word_1_708' title='bbox 1588 2411 1753 2443; x_wconf 81' lang='lat' dir='ltr'><strong>permittant</strong></span> <span class='ocrx_word' id='word_1_709' title='bbox 1767 2411 1874 2441; x_wconf 77' lang='lat' dir='ltr'><strong>inferri,</strong></span> <span class='ocrx_word' id='word_1_710' title='bbox 1893 2412 1958 2443; x_wconf 83' lang='lat' dir='ltr'><strong>quin</strong></span> 
     </span>
     <span class='ocr_line' id='line_1_95' title="bbox 1047 2455 1973 2490; baseline -0.004 -9"><span class='ocrx_word' id='word_1_711' title='bbox 1047 2465 1142 2490; x_wconf 81' lang='lat' dir='ltr'><strong>ymmo</strong></span> <span class='ocrx_word' id='word_1_712' title='bbox 1163 2457 1257 2489; x_wconf 84' lang='lat' dir='ltr'><strong>potius</strong></span> <span class='ocrx_word' id='word_1_713' title='bbox 1282 2464 1366 2489; x_wconf 71' lang='lat' dir='ltr'><strong>reges</strong></span> <span class='ocrx_word' id='word_1_714' title='bbox 1392 2456 1476 2479; x_wconf 78' lang='lat' dir='ltr'><strong>(luc-es</strong></span> <span class='ocrx_word' id='word_1_715' title='bbox 1494 2455 1674 2479; x_wconf 82' lang='lat' dir='ltr'><strong>marchiones</strong></span> <span class='ocrx_word' id='word_1_716' title='bbox 1697 2456 1814 2479; x_wconf 71' lang='lat' dir='ltr'><strong>comites</strong></span> <span class='ocrx_word' id='word_1_717' title='bbox 1832 2456 1973 2488; x_wconf 49' lang='lat' dir='ltr'><strong>principi·-¹</strong></span> 
     </span>
     <span class='ocr_line' id='line_1_96' title="bbox 1046 2499 1972 2532; baseline -0.003 -6"><span class='ocrx_word' id='word_1_718' title='bbox 1046 2502 1168 2526; x_wconf 82' lang='lat' dir='ltr'><strong>barones</strong></span> <span class='ocrx_word' id='word_1_719' title='bbox 1183 2501 1287 2525; x_wconf 85' lang='lat' dir='ltr'><strong>milites</strong></span> <span class='ocrx_word' id='word_1_720' title='bbox 1303 2507 1437 2532; x_wconf 86' lang='lat' dir='ltr'><strong>proceres</strong></span> <span class='ocrx_word' id='word_1_721' title='bbox 1453 2502 1481 2524; x_wconf 86' lang='lat' dir='ltr'><strong>et</strong></span> <span class='ocrx_word' id='word_1_722' title='bbox 1497 2500 1657 2524; x_wconf 82' lang='lat' dir='ltr'><strong>comitivam</strong></span> <span class='ocrx_word' id='word_1_723' title='bbox 1668 2499 1808 2531; x_wconf 72' lang='lat' dir='ltr'><strong>predictos</strong></span> <span class='ocrx_word' id='word_1_724' title='bbox 1825 2501 1972 2524; x_wconf 75' lang='lat' dir='ltr'><strong>cumomni</strong></span> 
     </span>
     <span class='ocr_line' id='line_1_97' title="bbox 1046 2543 1970 2576; baseline -0.003 -6"><span class='ocrx_word' id='word_1_725' title='bbox 1046 2546 1225 2570; x_wconf 84' lang='lat' dir='ltr'><strong>humanitate</strong></span> <span class='ocrx_word' id='word_1_726' title='bbox 1250 2544 1442 2568; x_wconf 78' lang='lat' dir='ltr'><strong>benivolentia</strong></span> <span class='ocrx_word' id='word_1_727' title='bbox 1467 2546 1495 2568; x_wconf 90' lang='lat' dir='ltr'><strong>et</strong></span> <span class='ocrx_word' id='word_1_728' title='bbox 1513 2544 1630 2568; x_wconf 86' lang='lat' dir='ltr'><strong>caritate</strong></span> <span class='ocrx_word' id='word_1_729' title='bbox 1655 2544 1779 2576; x_wconf 67' lang='lat' dir='ltr'><strong>benigne</strong></span> <span class='ocrx_word' id='word_1_730' title='bbox 1803 2543 1970 2575; x_wconf 70' lang='lat' dir='ltr'><strong>recipientes</strong></span> 
     </span>
     <span class='ocr_line' id='line_1_98' title="bbox 1047 2588 1968 2622; baseline -0.003 -8"><span class='ocrx_word' id='word_1_731' title='bbox 1047 2593 1074 2614; x_wconf 78' lang='lat' dir='ltr'><strong>et</strong></span> <span class='ocrx_word' id='word_1_732' title='bbox 1082 2591 1300 2622; x_wconf 68' lang='lat' dir='ltr'><strong>pertractantes,</strong></span> <span class='ocrx_word' id='word_1_733' title='bbox 1316 2588 1439 2620; x_wconf 86' lang='lat' dir='ltr'><strong>ipsisque</strong></span> <span class='ocrx_word' id='word_1_734' title='bbox 1451 2591 1477 2612; x_wconf 91' lang='lat' dir='ltr'><strong>et</strong></span> <span class='ocrx_word' id='word_1_735' title='bbox 1490 2596 1586 2613; x_wconf 87' lang='lat' dir='ltr'><strong>eorum</strong></span> <span class='ocrx_word' id='word_1_736' title='bbox 1598 2588 1712 2611; x_wconf 78' lang='lat' dir='ltr'><strong>cuilibet</strong></span> <span class='ocrx_word' id='word_1_737' title='bbox 1723 2588 1754 2611; x_wconf 80' lang='lat' dir='ltr'><strong>dc</strong></span> <span class='ocrx_word' id='word_1_738' title='bbox 1767 2596 1866 2611; x_wconf 71' lang='lat' dir='ltr'><strong>securo</strong></span> <span class='ocrx_word' id='word_1_739' title='bbox 1882 2590 1968 2611; x_wconf 61' lang='lat' dir='ltr'><strong>trans&lt;</strong></span> 
     </span>
     <span class='ocr_line' id='line_1_99' title="bbox 1046 2631 1958 2663; baseline -0.003 -4"><span class='ocrx_word' id='word_1_740' title='bbox 1046 2634 1086 2659; x_wconf 88' lang='lat' dir='ltr'><strong>itu</strong></span> <span class='ocrx_word' id='word_1_741' title='bbox 1110 2636 1203 2659; x_wconf 77' lang='lat' dir='ltr'><strong>scorta</strong></span> <span class='ocrx_word' id='word_1_742' title='bbox 1222 2635 1250 2657; x_wconf 82' lang='lat' dir='ltr'><strong>et</strong></span> <span class='ocrx_word' id='word_1_743' title='bbox 1274 2632 1497 2657; x_wconf 76' lang='lat' dir='ltr'><strong>salvoconductu</strong></span> <span class='ocrx_word' id='word_1_744' title='bbox 1523 2631 1563 2657; x_wconf 84' lang='lat' dir='ltr'><strong>sic</strong></span> <span class='ocrx_word' id='word_1_745' title='bbox 1581 2632 1737 2656; x_wconf 82' lang='lat' dir='ltr'><strong>liberaliter</strong></span> <span class='ocrx_word' id='word_1_746' title='bbox 1752 2631 1899 2663; x_wconf 66' lang='lat' dir='ltr'><strong>proiidcro</strong></span> <span class='ocrx_word' id='word_1_747' title='bbox 1924 2640 1958 2656; x_wconf 74' lang='lat' dir='ltr'><strong>cu</strong></span> 
     </span>
    </p>
   </div>
   <div class='ocr_carea' id='block_1_11' title="bbox 1763 2677 1784 2705">
    <p class='ocr_par' dir='ltr' id='par_1_12' title="bbox 1763 2677 1784 2705">
     <span class='ocr_line' id='line_1_100' title="bbox 1763 2677 1784 2691; baseline 0 0"><span class='ocrx_word' id='word_1_748' title='bbox 1763 2677 1784 2691; x_wconf 70' lang='lat' dir='ltr'><strong>VD</strong></span> 
     </span>
     <span class='ocr_line' id='line_1_101' title="bbox 1764 2692 1774 2705; baseline 0 0"><span class='ocrx_word' id='word_1_749' title='bbox 1764 2692 1774 2705; x_wconf 73' lang='grc' dir='ltr'>Ι</span> 
     </span>
    </p>
   </div>
  </div>
 </body>
</html>
