2235 2859
384 161 593 218 Anhang.
627 160 788 218 Konig
819 159 1064 202 Friedrich
1096 158 1183 204 1V.
1216 170 1333 212 1448,
1363 170 1514 205 October
1538 172 1596 205 10.

1867 173 1947 206 Clu

47 318 92 345 „et
108 314 324 339 universitatem
341 313 373 337 de
389 312 509 337 Scovolo
532 312 560 336 in
577 320 608 336 eo
625 311 688 336 loco
710 310 871 335 habitantes
889 317 964 333 nunc

46 358 130 388 „etin
144 358 271 382 futurum
286 357 464 389 destringere
480 357 632 390 pignorare
645 356 689 380 vel
702 354 889 386 calumpniari
900 361 964 386 pre-

45 404 174 433 ¹,sumat‚
199 409 233 425 ne
251 400 301 425 fiat
320 401 359 425 eis
385 401 574 425 contradictio
593 399 712 424 venandi
730 397 856 431 piscandi
877 406 965 431 nego-

46 446 152 477 „ciandi
174 445 330 477 occupandi
355 452 405 477 per
428 447 518 469 totum
540 445 631 468 lacum
649 443 793 467 Benacum
814 442 965 474 ripaticum

44 490 227 520 „theloneum
247 489 417 513 hostaticum
428 492 476 513 aut
491 488 610 520 aliquam
625 487 768 520 publicam
789 486 964 510 functionem

47 533 98 564 „ab
115 534 154 558 eis
170 533 322 564 aliquando
339 533 433 566 exigat
453 536 481 557 et
495 533 516 557 si
534 532 596 564 quis
613 534 711 555 eontra
726 531 850 563 predicta
869 530 964 554 venire

48 577 264 610 „temptaverit‚
283 579 396 601 centum
412 577 497 600 libras
516 575 578 608 puri
595 575 654 599 auri
671 575 816 607 persolvat
831 574 966 598 medieta-

47 624 122 652 „tem
146 628 256 646 camere
275 624 372 645 nostre
394 621 475 644 aliam
499 619 679 644 medietatem
705 617 838 648 injuriam
865 618 964 650 passis.

47 666 102 697 „Vt
117 669 211 690 autem
226 664 278 689 hec
293 671 359 689 vera
376 664 528 688 credantur
543 663 624 697 signo
639 666 667 687 et
682 662 776 696 sigillo
792 665 890 686 nostro
904 662 965 693 jus-

48 710 153 740 „simus
171 708 351 738 communiri,
371 706 454 737 hujus
470 707 509 732 rei
527 710 615 731 testes
630 707 762 731 Alhertus
779 709 874 731 sancte
885 705 966 739 Mag-

49 753 253 788 „deburgensis
278 752 507 783 archiepiscopus
530 750 663 775 Allienus
688 750 871 775 Tridentinus
892 750 966 783 epis-

47 806 169 830 „copus‚
187 797 315 821 Andreas
330 794 439 827 Alpnus
458 795 613 819 Reinaldus
633 794 710 819 Duca
726 798 753 819 et
771 794 882 826 reliqui.
903 793 966 827 Sig-

49 850 135 872 „num
157 840 260 865 domini
277 839 411 864 Friderici
429 839 621 863 Romanorum
646 838 822 863 invictissimi
847 838 966 870 impera-

50 886 136 916 „toris
154 888 181 909 et
199 884 273 916 regis
289 882 392 907 Sicilie.
412 882 474 916 Ego
494 882 640 907 Conradus
652 882 788 907 Metensis
805 886 832 906 et
849 882 966 915 Spiren-

50 930 105 960 „sis
127 929 274 961 episcopus
296 930 324 951 et
348 927 501 959 imperialis
525 927 588 951 aule
613 927 799 951 cancellarius
825 930 854 951 et
876 927 965 951 totius

49 973 145 1004 „ltalie
163 973 272 1005 legatus
296 972 461 1004 recognovi.
489 972 558 996 Acta
582 974 649 995 sunt
668 971 721 994 hec
738 978 812 995 anno
831 979 845 995 a
865 971 964 995 nativi-

49 1018 123 1047 „tate
146 1015 248 1039 domini
273 1023 309 1039 m.
325 1023 365 1039 cc.
384 1015 435 1045 xxj.
461 1015 590 1040 kalendis
615 1014 785 1039 Novembris
813 1014 965 1039 indictione

48 1066 152 1090 „noum
172 1060 328 1091 imperante
352 1059 465 1083 domino
488 1063 587 1084 nostro
607 1059 750 1083 Friderico
771 1059 966 1083 Romanorum

47 1104 234 1136 „imperatore
253 1111 364 1136 semper
379 1106 502 1137 augusto
520 1107 548 1128 et
563 1111 632 1136 rege
649 1102 742 1127 Sicilie
759 1110 833 1127 anno
846 1103 964 1127 Romani

45 1190 136 1224 „apud
156 1190 277 1215 Nomum
299 1191 418 1215 feliciter
436 1193 544 1216 amen.»

115 1234 185 1259 Post
200 1234 254 1259 hec
273 1235 433 1260 labentibus
449 1236 546 1267 annis,
565 1236 630 1267 quia
645 1236 739 1259 omnia
754 1235 781 1259 in
798 1235 965 1267 antiquitate

44 1280 206 1310 mutantur,
234 1287 288 1304 nec
312 1279 363 1303 sub
388 1279 474 1312 globo
497 1280 563 1304 lune
583 1279 732 1311 quicquam
756 1279 880 1303 creditur
903 1287 965 1304 esse

44 1326 229 1356 perpetuum,
249 1323 329 1347 locus
349 1322 396 1347 ille
415 1323 448 1348 de
464 1322 586 1348 Scovolo
608 1323 637 1347 in
655 1323 710 1348 duo
728 1324 844 1348 nomina
859 1323 965 1356 reperi-

1032 313 1078 334 tur
1103 317 1165 334 esse
1189 313 1328 340 mutatus,
1356 311 1393 335 ita
1416 314 1448 335 ut
1471 319 1546 335 nunc
1572 312 1605 336 de
1626 316 1724 337 sancto
1745 313 1839 338 Felice
1863 317 1891 338 et
1916 315 1949 339 de

1032 353 1162 378 Portexio
1185 358 1379 386 nuncupetur,
1409 359 1525 387 propter
1549 357 1622 387 quod
1650 365 1664 381 a
1684 358 1829 382 nonnullis
1850 359 1878 382 in
1899 359 1949 382 du·

1032 398 1108 422 bium
1124 398 1246 422 vertitur
1264 406 1298 422 an
1318 398 1446 423 homines
1462 403 1490 423 et
1511 400 1699 425 comunitates
1717 401 1857 426 dictorum
1876 403 1950 426 loco<

1031 449 1094 466 rum
1114 442 1172 466 illis
1195 442 1317 466 debeant
1338 443 1446 474 perfrui
1470 443 1642 476 privilegiis,
1669 452 1721 476 quc
1742 444 1900 470 hominibus
1923 450 1951 471 et

1032 486 1228 509 communitati
1249 486 1280 510 de
1297 485 1417 513 Scouolo
1433 490 1517 511 antea
1533 496 1667 512 concessa
1680 489 1879 521 inveniuntur,
1900 499 1948 514 no*

1031 530 1130 561 bisque
1150 530 1339 562 supplicatum
1359 535 1403 554 est
1423 534 1455 555 ut
1471 539 1556 563 super
1574 531 1617 556 his
1643 536 1782 564 oportune
1801 535 1949 566 providere

1032 574 1224 607 dignaremur.
1246 573 1304 598 Nos
1322 578 1416 599 autem
1434 575 1613 600 attendentes
1631 576 1704 608 quod
1723 578 1842 602 mutatio
1860 579 1951 603 nomi-

1031 618 1075 642 nis
1094 625 1150 641 non
1170 618 1262 642 variat
1282 618 1323 643 rei
1343 623 1488 650 naturam,
1508 619 1708 652 informatique
1726 621 1866 646 dictorum
1886 623 1951 647 duo-

1031 670 1095 686 rum
1114 662 1242 686 locorum
1260 662 1365 687 incolas
1388 666 1416 687 et
1433 663 1607 688 habitatores
1630 672 1661 688 ex
1683 667 1885 691 communitate
1906 675 1950 692 ve>

1032 706 1085 730 teri
1107 706 1139 730 de
1163 705 1283 731 Scovolo
1307 706 1477 731 descendere
1502 710 1531 732 et
1552 708 1579 731 in
1603 709 1809 740 presentiarum
1833 711 1951 736 eandem

1031 750 1126 775 facere
1143 751 1376 776 communitatem
1399 751 1465 775 hine
1482 751 1645 776 huiusmodi
1662 753 1753 777 nostri
1775 754 1858 778 edicti
1880 756 1951 779 serie

1032 794 1210 819 declaramus
1233 798 1317 826 atque
1335 795 1529 826 decernimus,
1549 804 1647 820 omnes
1669 800 1697 821 et
1718 798 1845 831 singulas
1868 799 1952 823 liber<

1033 841 1105 863 tates
1128 839 1319 871 exemptiones
1338 842 1366 863 et
1384 840 1578 871 protectiones
1602 841 1731 865 divorum
1747 843 1952 874 imperatorum

1033 882 1100 915 ipsis
1126 881 1287 907 hominibus
1313 883 1346 907 dc
1369 882 1491 907 Scovolo
1519 892 1684 912 concessas,
1716 885 1749 909 ad
1772 885 1901 910 immines
1924 891 1953 911 et

1033 926 1266 951 communitatem
1293 927 1325 951 dc
1346 930 1445 951 sancto
1465 927 1559 953 Felice
1586 933 1614 952 et
1633 929 1666 953 de
1688 928 1818 953 Portexio
1839 932 1951 955 extendi

1032 970 1134 995 debere
1155 974 1182 994 et
1202 970 1303 994 harum
1324 974 1422 995 tenore
1449 975 1588 1003 quatenns
1615 981 1685 1004 opus
1713 973 1750 997 sit
1774 975 1951 999 extendimus

1031 1016 1215 1047 prefatasque
1239 1015 1451 1039 concessionem
1479 1017 1727 1041 confirmationem
1746 1020 1773 1041 et
1795 1019 1951 1043 roboratio>

1031 1066 1096 1083 nem
1112 1059 1144 1083 ad
1161 1058 1461 1090 superhabundantem
1479 1062 1618 1085 cautelam
1639 1061 1720 1085 dictis
1740 1061 1903 1086 hominibus
1924 1067 1953 1087 et

1031 1102 1228 1127 communitati
1247 1102 1280 1126 de
1301 1106 1398 1127 sancto
1417 1103 1512 1128 Felice
1530 1107 1558 1128 et
1576 1105 1608 1129 de
1626 1104 1755 1129 Portexio
1775 1105 1806 1129 de
1826 1106 1951 1131 Romane

1030 1148 1108 1180 regie
1129 1147 1279 1179 potestatis
1296 1147 1471 1179 plenitudine
1494 1148 1694 1173 confirmamus
1720 1149 1885 1174 roboramus
1910 1151 1951 1175 ine

1029 1198 1166 1215 novamus
1189 1194 1217 1214 et
1244 1192 1387 1223 presentis
1417 1192 1514 1223 scripti
1549 1193 1706 1224 patrocinio
1732 1194 1951 1219 communimus.

1030 1234 1107 1259 Nulli
1126 1242 1194 1268 ergo
1212 1234 1328 1258 omnino
1347 1235 1492 1259 hominum
1509 1239 1558 1260 etc.
1581 1236 1682 1260 Datum
1700 1237 1728 1261 in
1742 1237 1822 1262 Nova
1838 1239 1951 1264 civitate

1030 1288 1046 1304 x
1064 1278 1195 1303 Octobris
1215 1278 1268 1303 sub
1286 1279 1433 1309 majestate
1450 1283 1501 1306 etc.
1521 1280 1604 1304 Anno
1620 1280 1707 1311 xlviij.
1727 1282 1810 1314 regni
1830 1290 1918 1308 nono.

44 1504 99 1533 86.
128 1503 169 1532 K.
194 1504 361 1532 Friedrich
386 1505 532 1541 bestdtiqt
559 1507 627 1532 dem
652 1507 729 1533 Folo
755 1507 793 1532 de
815 1506 952 1533 Lamura
977 1507 1015 1534 de
1042 1507 1217 1542 Ptntqnaco
1247 1507 1315 1534 und
1340 1506 1454 1534 semen
1473 1507 1601 1534 Ene'eeln
1625 1509 1687 1534 den
1704 1507 1784 1535 Adel
1809 1511 1878 1537 und
1899 1511 1949 1538 die

198 1559 400 1596 Freyheicen.
423 1560 529 1588 1448.
555 1560 689 1588 october
707 1562 760 1588 10.
784 1561 876 1595 Reqy.
896 1562 956 1588 No.
979 1560 1084 1588 2499.

112 1633 277 1659 Fridericus
296 1637 348 1660 etc.
375 1634 523 1659 Vniuersis
546 1635 706 1660 litterarum
726 1636 903 1667 presentium
924 1635 964 1659 in-

45 1679 229 1711 spectoribus.
250 1678 372 1704 Provida
391 1680 518 1704 Romane
534 1679 612 1713 regie
632 1680 779 1712 dignitatis
802 1680 963 1712 benignitas

44 1725 73 1747 et
91 1723 114 1747 si
134 1723 330 1747 universorum
351 1723 544 1754 subjectorum
567 1723 720 1747 honoribus
741 1726 769 1747 et
791 1723 964 1747 utilitatibus

45 1765 240 1791 favorabiliter
254 1767 383 1797 intendit,
404 1767 468 1791 illos
485 1770 580 1792 tamen
595 1767 728 1799 precipua
745 1768 861 1798 quadam
880 1767 963 1791 assec-

44 1810 122 1836 tione
144 1811 325 1843 prosequitur
346 1818 466 1842 quorum
483 1814 678 1835 antecessores
694 1814 812 1843 propter
828 1812 963 1843 obsequia

43 1854 172 1879 Romano
190 1854 307 1887 imperio
324 1853 445 1879 fideliter
465 1855 584 1886 prestita
602 1863 616 1879 a
633 1855 738 1879 nostris
756 1855 963 1888 predecessori-

43 1898 97 1922 bus
119 1899 246 1923 honestis
269 1898 428 1932 privilegiis
453 1902 481 1923 et
505 1898 698 1932 singularibus
720 1899 817 1932 gratiis
838 1899 962 1923 decorati

43 1941 234 1975 reperiuntur.
257 1942 327 1967 Cum
347 1950 416 1975 ergo
434 1942 509 1967 clare
531 1943 665 1968 memorie
682 1943 843 1967 Fridericus
862 1951 963 1967 secun-

43 1986 96 2011 dus
113 1988 276 2011 antecessor
298 1989 396 2011 noster
414 1985 590 2011 Ottobellum
607 1987 639 2011 de
656 1986 822 2021 Pimignaco
840 1987 962 2012 Talche-

42 2030 140 2055 nolum
155 2031 214 2055 eius
228 2031 356 2062 fratrem,
376 2031 532 2055 Venturam
545 2030 715 2055 Lafrancum
731 2040 828 2056 eorum
844 2035 961 2064 nepotes

43 2081 75 2098 ac
92 2073 265 2099 Clamottum
282 2075 421 2107 quondam
437 2073 552 2105 Uberti,
573 2075 605 2099 de
620 2083 738 2107 quorum
757 2077 894 2109 progenie
908 2075 961 2099 Fo-

41 2118 86 2144 lus
110 2118 185 2143 filius
209 2120 351 2151 quondam
367 2118 567 2149 Lasranchini,
594 2127 626 2143 ac
643 2119 790 2144 Johannes
812 2122 840 2144 et
855 2119 961 2143 Baldus

42 2162 101 2187 eius
124 2165 242 2195 nepotes
268 2171 364 2187 omnes
390 2163 422 2187 de
437 2162 559 2186 Lamura
581 2162 613 2187 de
633 2162 804 2197 Pinignacm
824 2163 960 2188 territorii

41 2205 195 2231 Brixiensis
217 2208 306 2232 nostri
327 2210 355 2232 et
377 2207 486 2239 imperii
510 2207 580 2230 sacri
599 2207 697 2231 fideles
717 2207 810 2231 dilecti
827 2207 961 2231 dicuntur

42 2249 230 2281 descendere,
255 2254 372 2283 propter
397 2258 494 2275 eorum
519 2253 600 2282 grata
621 2251 736 2275 servitia
754 2251 787 2275 ad
803 2251 959 2275 nobilitatis

41 2295 160 2328 gradum
176 2295 371 2320 sublimaverit
385 2295 550 2326 nobilesque
567 2295 745 2319 valnassores
764 2296 910 2325 creaverit,
930 2302 960 2319 ac

42 2338 158 2370 perinde
174 2339 293 2363 erexerit
309 2346 340 2362 ac
358 2339 380 2363 si
400 2339 432 2362 de
448 2337 589 2362 nobilibus
606 2337 731 2371 antiquis
748 2339 960 2364 valuassoribus

43 2381 102 2405 nati
119 2382 249 2413 fuissent,
269 2383 382 2406 eosdem
401 2383 429 2406 in
447 2390 525 2407 suam
544 2385 571 2407 et
587 2383 695 2415 imperii
718 2383 835 2415 predicti
852 2385 962 2415 protec-

43 2425 150 2449 tionem
167 2426 343 2458 recipiendo,
364 2427 496 2458 ipsosque
514 2427 546 2451 ab
565 2427 641 2451 omni
659 2427 802 2451 solutione
817 2426 961 2451 theolonei

43 2468 116 2492 fodri
136 2469 247 2501 ripatici
271 2469 403 2494 hostatici
429 2473 456 2494 et
480 2471 577 2502 quavis
605 2470 658 2495 alia
682 2470 792 2502 publica
814 2471 960 2496 functione

44 2511 190 2536 eximendo
204 2516 288 2545 prout
302 2514 354 2538 hec
370 2514 398 2538 in
418 2514 508 2538 literis
525 2515 626 2547 prefati
642 2515 718 2547 regis
733 2514 866 2539 Friderici
882 2516 962 2540 desu-

42 2562 93 2587 per
111 2556 263 2587 consectis,
287 2565 354 2588 quas
373 2557 418 2581 hic
441 2557 538 2582 haberi
560 2549 691 2582 'volumus
713 2566 764 2590 pro
785 2558 961 2584 sufficienter

42 2599 189 2632 expressis,
205 2600 317 2633 plenius
334 2602 506 2628 continetur.
529 2602 586 2627 Nos
602 2610 704 2634 equum
719 2605 868 2628 censentes
885 2606 961 2627 ante-

1031 1643 1177 1659 cessorum
1197 1635 1344 1667 privilegia
1363 1638 1391 1659 et
1410 1635 1554 1660 libertates
1573 1636 1605 1660 ad
1627 1643 1806 1661 soccessores
1830 1639 1951 1670 extendi,

1031 1686 1062 1702 ac
1081 1680 1200 1703 virtutes
1219 1684 1371 1711 parentum
1386 1680 1458 1703 filios
1474 1679 1623 1710 adiuvare,
1644 1680 1823 1705 attendentes
1842 1690 1952 1714 quoque

1029 1723 1130 1747 Folum
1143 1723 1305 1747 Johannem
1330 1726 1358 1747 et
1377 1723 1497 1747 Baldum
1517 1724 1659 1755 predictos
1683 1733 1715 1749 eo
1738 1725 1894 1751 ferventius
1915 1728 1947 1751 ad

1030 1771 1158 1791 nostrum
1172 1770 1200 1790 ct
1216 1767 1286 1791 sacri
1301 1767 1409 1799 imperii
1425 1767 1521 1799 reique
1539 1768 1649 1798 publice
1666 1769 1814 1793 comodum
1834 1771 1950 1795 animari

1031 1820 1085 1843 quo
1100 1811 1200 1842 majori
1216 1819 1266 1843 per
1277 1819 1328 1835 nos
1345 1819 1374 1835 se
1385 1811 1573 1845 cognoverint
1588 1820 1705 1837 munere
1717 1813 1873 1846 gratiarum
1888 1823 1951 1846 pre-

1030 1860 1146 1886 ventus,
1172 1855 1284 1879 eosdem
1302 1863 1366 1879 cnm
1387 1855 1445 1879 suis
1465 1855 1558 1879 liberis
1581 1863 1631 1887 per
1657 1859 1762 1881 rectam
1778 1857 1882 1882 lineam
1901 1859 1948 1883 de-

1029 1900 1228 1924 scendentibus
1250 1902 1305 1923 tam
1321 1899 1503 1931 presentibus
1521 1907 1604 1931 quain
1621 1900 1723 1924 futuris
1740 1900 1950 1934 imperpetuum

1030 1944 1103 1967 iuxta
1131 1944 1244 1967 modum
1265 1944 1384 1967 formam
1413 1946 1496 1975 atque
1519 1947 1644 1967 tenorem
1672 1944 1819 1969 literarum
1845 1947 1948 1978 prefati

1029 1988 1218 2012 antecessoris
1233 1988 1323 2012 nostri
1341 1995 1410 2019 quas
1428 1987 1520 2019 quoad
1535 1988 1587 2011 hec
1602 1987 1801 2012 confirmamus
1812 1993 1840 2013 et
1852 1992 1949 2021 quate-

1028 2039 1081 2055 nus
1105 2039 1175 2063 opus
1194 2031 1244 2061 sit,
1270 2031 1411 2063 presentis
1435 2031 1532 2062 scripti
1558 2032 1714 2063 patrocinio
1733 2035 1949 2065 communimus,

1027 2076 1136 2100 nobiles
1159 2083 1221 2099 esse
1238 2075 1414 2099 declaramus
1433 2078 1459 2099 et
1475 2075 1507 2099 ad
1524 2075 1659 2099 nobilium
1676 2076 1873 2101 valuassornm
1890 2080 1946 2103 staff

1028 2123 1088 2144 tum
1104 2119 1272 2148 reducimus,
1293 2119 1425 2151 ipsosque
1443 2119 1493 2143 sub
1511 2121 1609 2143 nostra
1626 2122 1654 2143 et
1671 2119 1778 2151 imperii
1795 2121 1866 2144 sacri
1883 2129 1947 2153 pro-

1029 2163 1151 2187 tectione
1173 2163 1360 2195 suscipientes
1382 2163 1415 2187 ab
1438 2163 1578 2186 universis
1598 2163 1806 2196 gravaminibus
1826 2167 1854 2188 et
1870 2173 1947 2190 exac-

1026 2207 1150 2230 tionibus
1167 2210 1251 2238 prout
1269 2206 1496 2231 antecessoribus
1509 2207 1566 2230 suis
1584 2206 1723 2230 indultum
1734 2206 1826 2231 fuerat
1838 2211 1868 2232 ut
1884 2217 1947 2241 pre-

1026 2251 1117 2275 fertur
1139 2251 1285 2274 eximimus
1311 2253 1339 2274 et
1364 2251 1493 2274 volumus
1519 2257 1580 2274 esse
1604 2253 1755 2281 exemptos.
1781 2250 1860 2276 Nulli
1877 2260 1946 2286 ergo

1026 2295 1139 2319 omnino
1155 2295 1301 2319 hominum
1320 2295 1402 2319 liceat
1419 2294 1492 2318 hanc
1506 2297 1603 2317 nostre
1620 2293 1843 2320 confirmationis
1860 2300 1887 2321 et
1902 2296 1944 2321 in-

1024 2339 1184 2363 novationis
1203 2339 1293 2372 gratie
1310 2339 1444 2371 paginam
1460 2337 1631 2369 intringere,
1653 2340 1702 2361 aut
1720 2339 1743 2362 ei
1758 2340 1857 2370 quovis
1874 2348 1945 2366 ausu

1025 2383 1175 2407 temerario
1195 2382 1352 2411 contraire,
1380 2382 1465 2412 siquis
1491 2384 1585 2404 autem
1607 2380 1660 2405 hoc
1685 2384 1855 2414 attemptare
1881 2393 1943 2417 pre-

1026 2427 1192 2458 sumpserit,
1219 2429 1346 2450 nostram
1366 2428 1394 2449 et
1414 2425 1523 2457 imperii
1544 2425 1613 2448 sacri
1634 2425 1859 2458 indignationem
1880 2436 1944 2461 gra-

1025 2471 1168 2495 vissimam
1180 2477 1208 2494 se
1225 2469 1337 2494 noverit
1348 2469 1533 2493 incursurum.
1545 2490 1576 2494 -.
1591 2468 1776 2494 Presentibus
1797 2470 1900 2496 datis..
1913 2476 1943 2496 ut

1027 2522 1113 2547 supra
1137 2523 1151 2538 x
1178 2513 1307 2538 Octobris
1335 2520 1408 2537 anno
1427 2512 1533 2537 domini
1555 2516 1608 2537 etc.
1632 2513 1718 2544 xlviij.
1748 2514 1829 2548 regui
1853 2517 1943 2540 nostri

1026 2566 1100 2583 anno
1121 2566 1203 2582 nono.
