<?xml version="1.0" encoding="UTF-8"?>
<!DOCTYPE html PUBLIC "-//W3C//DTD XHTML 1.0 Transitional//EN"
    "http://www.w3.org/TR/xhtml1/DTD/xhtml1-transitional.dtd">
<html xmlns="http://www.w3.org/1999/xhtml" xml:lang="en" lang="en">
 <head>
  <title>
</title>
<meta http-equiv="Content-Type" content="text/html;charset=utf-8" />
  <meta name='ocr-system' content='tesseract 3.04.00' />
  <meta name='ocr-capabilities' content='ocr_page ocr_carea ocr_par ocr_line ocrx_word'/>
</head>
<body>
  <div class='ocr_page' id='page_1' title='image "./regestachronolog01chmeuoft_0130.png"; bbox 0 0 2209 2858; ppageno 0'>
   <div class='ocr_carea' id='block_1_1' title="bbox 196 160 346 196">
    <p class='ocr_par' dir='ltr' id='par_1_1' title="bbox 196 160 346 196">
     <span class='ocr_line' id='line_1_1' title="bbox 196 160 346 196; baseline -0.02 0"><span class='ocrx_word' id='word_1_1' title='bbox 196 160 346 196; x_wconf 77' lang='lat' dir='ltr'>cxvln</span> 
     </span>
    </p>
   </div>
   <div class='ocr_carea' id='block_1_2' title="bbox 597 136 1757 199">
    <p class='ocr_par' dir='ltr' id='par_1_2' title="bbox 597 136 1757 199">
     <span class='ocr_line' id='line_1_2' title="bbox 597 136 1757 199; baseline -0.003 -13"><span class='ocrx_word' id='word_1_2' title='bbox 597 142 807 199; x_wconf 82' lang='lat' dir='ltr'>Anhang.</span> <span class='ocrx_word' id='word_1_3' title='bbox 840 139 1003 198; x_wconf 74' lang='lat' dir='ltr'>Konig</span> <span class='ocrx_word' id='word_1_4' title='bbox 1027 137 1278 182; x_wconf 80' lang='lat' dir='ltr'>Friedrich</span> <span class='ocrx_word' id='word_1_5' title='bbox 1307 136 1395 182; x_wconf 89' lang='lat' dir='ltr'>IV.</span> <span class='ocrx_word' id='word_1_6' title='bbox 1429 147 1543 183; x_wconf 80' lang='lat'>1452.</span> <span class='ocrx_word' id='word_1_7' title='bbox 1566 149 1669 183; x_wconf 63' lang='lat' dir='ltr'>Marz</span> <span class='ocrx_word' id='word_1_8' title='bbox 1695 149 1757 184; x_wconf 85' lang='grc'>19.</span> 
     </span>
    </p>
   </div>
   <div class='ocr_carea' id='block_1_3' title="bbox 192 230 2104 262">
    <p class='ocr_par' dir='ltr' id='par_1_3' title="bbox 192 230 2104 262">
     <span class='ocr_line' id='line_1_3' title="bbox 192 230 2104 262; baseline -0.007 0"><span class='ocrx_word' id='word_1_9' title='bbox 192 230 2104 262; x_wconf 43' lang='lat' dir='ltr'>—ffffl———fflss</span> 
     </span>
    </p>
   </div>
   <div class='ocr_carea' id='block_1_4' title="bbox 199 290 1127 2663">
    <p class='ocr_par' dir='ltr' id='par_1_4' title="bbox 199 290 1127 2663">
     <span class='ocr_line' id='line_1_4' title="bbox 201 290 1120 328; baseline -0.012 -5"><span class='ocrx_word' id='word_1_10' title='bbox 201 299 324 325; x_wconf 67' lang='lat' dir='ltr'>cuiusvis</span> <span class='ocrx_word' id='word_1_11' title='bbox 353 298 437 323; x_wconf 88' lang='lat' dir='ltr'>etiam</span> <span class='ocrx_word' id='word_1_12' title='bbox 467 301 644 328; x_wconf 80' lang='lat' dir='ltr'>quocumque</span> <span class='ocrx_word' id='word_1_13' title='bbox 664 294 796 325; x_wconf 87' lang='lat' dir='ltr'>respectu</span> <span class='ocrx_word' id='word_1_14' title='bbox 817 291 955 316; x_wconf 90' lang='lat' dir='ltr'>instantia</span> <span class='ocrx_word' id='word_1_15' title='bbox 976 290 1034 314; x_wconf 88' lang='lat' dir='ltr'>sint</span> <span class='ocrx_word' id='word_1_16' title='bbox 1052 297 1120 313; x_wconf 86' lang='lat' dir='ltr'>con—</span> 
     </span>
     <span class='ocr_line' id='line_1_5' title="bbox 202 333 1122 370; baseline -0.013 -2"><span class='ocrx_word' id='word_1_17' title='bbox 202 351 278 368; x_wconf 62' lang='lat' dir='ltr'>cesse</span> <span class='ocrx_word' id='word_1_18' title='bbox 288 343 331 367; x_wconf 86' lang='lat' dir='ltr'>vel</span> <span class='ocrx_word' id='word_1_19' title='bbox 344 341 535 366; x_wconf 83' lang='lat' dir='ltr'>concedantur</span> <span class='ocrx_word' id='word_1_20' title='bbox 544 339 729 370; x_wconf 78' lang='lat' dir='ltr'>imposterum</span> <span class='ocrx_word' id='word_1_21' title='bbox 740 344 789 361; x_wconf 90' lang='lat' dir='ltr'>seu</span> <span class='ocrx_word' id='word_1_22' title='bbox 798 335 820 359; x_wconf 86' lang='lat' dir='ltr'>si</span> <span class='ocrx_word' id='word_1_23' title='bbox 832 335 969 367; x_wconf 85' lang='lat' dir='ltr'>speciales</span> <span class='ocrx_word' id='word_1_24' title='bbox 981 334 1014 358; x_wconf 90' lang='lat' dir='ltr'>de</span> <span class='ocrx_word' id='word_1_25' title='bbox 1021 333 1122 357; x_wconf 89' lang='lat' dir='ltr'>huius-</span> 
     </span>
     <span class='ocr_line' id='line_1_6' title="bbox 202 378 1120 417; baseline -0.013 -5"><span class='ocrx_word' id='word_1_26' title='bbox 202 387 274 413; x_wconf 88' lang='lat' dir='ltr'>modi</span> <span class='ocrx_word' id='word_1_27' title='bbox 284 385 427 410; x_wconf 81' lang='lat' dir='ltr'>beneficiis</span> <span class='ocrx_word' id='word_1_28' title='bbox 437 393 487 417; x_wconf 88' lang='lat' dir='ltr'>per</span> <span class='ocrx_word' id='word_1_29' title='bbox 497 391 548 408; x_wconf 86' lang='lat' dir='ltr'>nos</span> <span class='ocrx_word' id='word_1_30' title='bbox 561 381 704 406; x_wconf 67' lang='lat' dir='ltr'>velsedem</span> <span class='ocrx_word' id='word_1_31' title='bbox 719 379 875 413; x_wconf 78' lang='lat' dir='ltr'>predictam</span> <span class='ocrx_word' id='word_1_32' title='bbox 887 378 931 403; x_wconf 71' lang='lat' dir='ltr'>vel</span> <span class='ocrx_word' id='word_1_33' title='bbox 943 383 1120 410; x_wconf 78' lang='lat' dir='ltr'>quecumque</span> 
     </span>
     <span class='ocr_line' id='line_1_7' title="bbox 203 421 1122 462; baseline -0.011 -7"><span class='ocrx_word' id='word_1_34' title='bbox 203 431 255 455; x_wconf 85' lang='lat' dir='ltr'>alie</span> <span class='ocrx_word' id='word_1_35' title='bbox 272 435 515 462; x_wconf 87' lang='lat' dir='ltr'>quarumcumque</span> <span class='ocrx_word' id='word_1_36' title='bbox 535 424 698 451; x_wconf 90' lang='lat' dir='ltr'>nominandi</span> <span class='ocrx_word' id='word_1_37' title='bbox 721 428 749 449; x_wconf 86' lang='lat' dir='ltr'>ct</span> <span class='ocrx_word' id='word_1_38' title='bbox 771 422 936 448; x_wconf 80' lang='lat' dir='ltr'>reservandi</span> <span class='ocrx_word' id='word_1_39' title='bbox 953 421 1122 446; x_wconf 77' lang='lat' dir='ltr'>facultatum</span> 
     </span>
     <span class='ocr_line' id='line_1_8' title="bbox 202 464 1123 507; baseline -0.012 -8"><span class='ocrx_word' id='word_1_40' title='bbox 202 475 346 507; x_wconf 77' lang='lat' dir='ltr'>quibusvis</span> <span class='ocrx_word' id='word_1_41' title='bbox 365 478 541 505; x_wconf 84' lang='lat' dir='ltr'>quacumque</span> <span class='ocrx_word' id='word_1_42' title='bbox 558 470 642 494; x_wconf 87' lang='lat' dir='ltr'>etiam</span> <span class='ocrx_word' id='word_1_43' title='bbox 659 467 852 493; x_wconf 79' lang='lat' dir='ltr'>ecclesiastica</span> <span class='ocrx_word' id='word_1_44' title='bbox 866 466 911 490; x_wconf 67' lang='lat' dir='ltr'>rel</span> <span class='ocrx_word' id='word_1_45' title='bbox 925 465 1068 490; x_wconf 88' lang='lat' dir='ltr'>mundana</span> <span class='ocrx_word' id='word_1_46' title='bbox 1082 464 1123 488; x_wconf 85' lang='lat' dir='ltr'>di—</span> 
     </span>
     <span class='ocr_line' id='line_1_9' title="bbox 199 508 1122 553; baseline -0.012 -10"><span class='ocrx_word' id='word_1_47' title='bbox 199 519 309 553; x_wconf 77' lang='lat' dir='ltr'>gnitate</span> <span class='ocrx_word' id='word_1_48' title='bbox 322 516 506 550; x_wconf 68' lang='lat' dir='ltr'>tungentibus</span> <span class='ocrx_word' id='word_1_49' title='bbox 518 522 569 547; x_wconf 86' lang='lat' dir='ltr'>per</span> <span class='ocrx_word' id='word_1_50' title='bbox 581 513 676 538; x_wconf 78' lang='lat' dir='ltr'>sedem</span> <span class='ocrx_word' id='word_1_51' title='bbox 693 511 847 544; x_wconf 84' lang='lat' dir='ltr'>predictam</span> <span class='ocrx_word' id='word_1_52' title='bbox 863 517 1062 534; x_wconf 84' lang='lat' dir='ltr'>concessarum</span> <span class='ocrx_word' id='word_1_53' title='bbox 1076 508 1122 533; x_wconf 90' lang='lat' dir='ltr'>vel</span> 
     </span>
     <span class='ocr_line' id='line_1_10' title="bbox 202 552 1122 593; baseline -0.012 -6"><span class='ocrx_word' id='word_1_54' title='bbox 202 562 447 587; x_wconf 79' lang='lat' dir='ltr'>com-edendarum</span> <span class='ocrx_word' id='word_1_55' title='bbox 462 559 561 593; x_wconf 80' lang='lat' dir='ltr'>vigore</span> <span class='ocrx_word' id='word_1_56' title='bbox 573 556 780 582; x_wconf 81' lang='lat' dir='ltr'>reservationcs</span> <span class='ocrx_word' id='word_1_57' title='bbox 791 555 849 579; x_wconf 85' lang='lat' dir='ltr'>sive</span> <span class='ocrx_word' id='word_1_58' title='bbox 860 553 1023 579; x_wconf 86' lang='lat' dir='ltr'>earumdem</span> <span class='ocrx_word' id='word_1_59' title='bbox 1032 552 1122 577; x_wconf 78' lang='lat' dir='ltr'>facul-</span> 
     </span>
     <span class='ocr_line' id='line_1_11' title="bbox 199 599 1123 632; baseline -0.013 0"><span class='ocrx_word' id='word_1_60' title='bbox 199 610 290 632; x_wconf 82' lang='lat' dir='ltr'>tatum</span> <span class='ocrx_word' id='word_1_61' title='bbox 308 607 426 631; x_wconf 90' lang='lat' dir='ltr'>obtentu</span> <span class='ocrx_word' id='word_1_62' title='bbox 442 604 473 629; x_wconf 92' lang='lat' dir='ltr'>ad</span> <span class='ocrx_word' id='word_1_63' title='bbox 482 601 643 628; x_wconf 87' lang='lat' dir='ltr'>huiusmodi</span> <span class='ocrx_word' id='word_1_64' title='bbox 656 599 791 624; x_wconf 84' lang='lat' dir='ltr'>beneficia</span> <span class='ocrx_word' id='word_1_65' title='bbox 804 604 1047 631; x_wconf 88' lang='lat' dir='ltr'>quarumcumque</span> <span class='ocrx_word' id='word_1_66' title='bbox 1058 604 1123 629; x_wconf 88' lang='lat' dir='ltr'>per-</span> 
     </span>
     <span class='ocr_line' id='line_1_12' title="bbox 200 642 1122 678; baseline -0.013 -2"><span class='ocrx_word' id='word_1_67' title='bbox 200 659 334 676; x_wconf 88' lang='lat' dir='ltr'>sonarum</span> <span class='ocrx_word' id='word_1_68' title='bbox 355 647 561 673; x_wconf 78' lang='lat' dir='ltr'>nominationes</span> <span class='ocrx_word' id='word_1_69' title='bbox 585 654 636 678; x_wconf 81' lang='lat' dir='ltr'>pro</span> <span class='ocrx_word' id='word_1_70' title='bbox 653 648 779 676; x_wconf 86' lang='lat' dir='ltr'>tempore</span> <span class='ocrx_word' id='word_1_71' title='bbox 802 644 876 668; x_wconf 76' lang='lat' dir='ltr'>facte</span> <span class='ocrx_word' id='word_1_72' title='bbox 903 642 1020 673; x_wconf 76' lang='lat' dir='ltr'>suerint,</span> <span class='ocrx_word' id='word_1_73' title='bbox 1039 648 1122 673; x_wconf 88' lang='lat' dir='ltr'>qnas-</span> 
     </span>
     <span class='ocr_line' id='line_1_13' title="bbox 202 686 1123 727; baseline -0.012 -8"><span class='ocrx_word' id='word_1_74' title='bbox 202 694 313 727; x_wconf 85' lang='lat' dir='ltr'>quidcm</span> <span class='ocrx_word' id='word_1_75' title='bbox 332 694 441 717; x_wconf 78' lang='lat' dir='ltr'>litteras</span> <span class='ocrx_word' id='word_1_76' title='bbox 463 691 547 716; x_wconf 89' lang='lat' dir='ltr'>etiam</span> <span class='ocrx_word' id='word_1_77' title='bbox 562 689 584 714; x_wconf 82' lang='lat' dir='ltr'>si</span> <span class='ocrx_word' id='word_1_78' title='bbox 600 697 651 723; x_wconf 84' lang='lat' dir='ltr'>per</span> <span class='ocrx_word' id='word_1_79' title='bbox 665 696 712 713; x_wconf 85' lang='lat' dir='ltr'>eas</span> <span class='ocrx_word' id='word_1_80' title='bbox 731 688 764 712; x_wconf 89' lang='lat' dir='ltr'>ad</span> <span class='ocrx_word' id='word_1_81' title='bbox 781 686 981 712; x_wconf 82' lang='lat' dir='ltr'>inhibitionem</span> <span class='ocrx_word' id='word_1_82' title='bbox 993 692 1123 710; x_wconf 86' lang='lat' dir='ltr'>reserva-</span> 
     </span>
     <span class='ocr_line' id='line_1_14' title="bbox 201 730 1122 764; baseline -0.012 -1"><span class='ocrx_word' id='word_1_83' title='bbox 201 740 308 764; x_wconf 85' lang='lat' dir='ltr'>tionem</span> <span class='ocrx_word' id='word_1_84' title='bbox 338 740 365 761; x_wconf 89' lang='lat' dir='ltr'>ct</span> <span class='ocrx_word' id='word_1_85' title='bbox 388 736 532 760; x_wconf 73' lang='lat' dir='ltr'>decretum</span> <span class='ocrx_word' id='word_1_86' title='bbox 558 733 603 758; x_wconf 88' lang='lat' dir='ltr'>vel</span> <span class='ocrx_word' id='word_1_87' title='bbox 631 733 699 757; x_wconf 90' lang='lat' dir='ltr'>alias</span> <span class='ocrx_word' id='word_1_88' title='bbox 723 730 935 764; x_wconf 84' lang='lat' dir='ltr'>quomodolibet</span> <span class='ocrx_word' id='word_1_89' title='bbox 956 736 1122 762; x_wconf 77' lang='lat' dir='ltr'>processum</span> 
     </span>
     <span class='ocr_line' id='line_1_15' title="bbox 200 773 1122 812; baseline -0.013 -4"><span class='ocrx_word' id='word_1_90' title='bbox 200 783 304 812; x_wconf 65' lang='lat' dir='ltr'>fuerit7</span> <span class='ocrx_word' id='word_1_91' title='bbox 324 789 377 805; x_wconf 81' lang='lat' dir='ltr'>nec</span> <span class='ocrx_word' id='word_1_92' title='bbox 395 788 451 804; x_wconf 91' lang='lat' dir='ltr'>non</span> <span class='ocrx_word' id='word_1_93' title='bbox 466 778 674 803; x_wconf 85' lang='lat' dir='ltr'>reservationes</span> <span class='ocrx_word' id='word_1_94' title='bbox 697 776 848 801; x_wconf 81' lang='lat' dir='ltr'>facultates</span> <span class='ocrx_word' id='word_1_95' title='bbox 866 777 894 798; x_wconf 87' lang='lat' dir='ltr'>et</span> <span class='ocrx_word' id='word_1_96' title='bbox 912 773 1122 798; x_wconf 78' lang='lat' dir='ltr'>nominationes</span> 
     </span>
     <span class='ocr_line' id='line_1_16' title="bbox 200 819 1123 858; baseline -0.012 -7"><span class='ocrx_word' id='word_1_97' title='bbox 200 835 263 851; x_wconf 92' lang='lat' dir='ltr'>cum</span> <span class='ocrx_word' id='word_1_98' title='bbox 289 825 435 858; x_wconf 78' lang='lat' dir='ltr'>quibusvis</span> <span class='ocrx_word' id='word_1_99' title='bbox 456 823 540 848; x_wconf 80' lang='lat' dir='ltr'>etiam</span> <span class='ocrx_word' id='word_1_100' title='bbox 563 819 751 856; x_wconf 81' lang='lat' dir='ltr'>derogatoriis</span> <span class='ocrx_word' id='word_1_101' title='bbox 773 819 907 844; x_wconf 78' lang='lat' dir='ltr'>clausulis</span> <span class='ocrx_word' id='word_1_102' title='bbox 930 825 984 850; x_wconf 87' lang='lat' dir='ltr'>que</span> <span class='ocrx_word' id='word_1_103' title='bbox 1006 824 1123 850; x_wconf 85' lang='lat' dir='ltr'>presen-</span> 
     </span>
     <span class='ocr_line' id='line_1_17' title="bbox 200 861 1122 899; baseline -0.013 -3"><span class='ocrx_word' id='word_1_104' title='bbox 200 872 271 896; x_wconf 89' lang='lat' dir='ltr'>tium</span> <span class='ocrx_word' id='word_1_105' title='bbox 289 870 424 895; x_wconf 76' lang='lat' dir='ltr'>ess&#39;ertum</span> <span class='ocrx_word' id='word_1_106' title='bbox 441 867 612 899; x_wconf 82' lang='lat' dir='ltr'>suspendere</span> <span class='ocrx_word' id='word_1_107' title='bbox 631 865 767 898; x_wconf 89' lang='lat' dir='ltr'>impedire</span> <span class='ocrx_word' id='word_1_108' title='bbox 784 864 829 888; x_wconf 89' lang='lat' dir='ltr'>vel</span> <span class='ocrx_word' id='word_1_109' title='bbox 845 863 984 895; x_wconf 79' lang='lat' dir='ltr'>perimere</span> <span class='ocrx_word' id='word_1_110' title='bbox 995 864 1044 886; x_wconf 84' lang='lat' dir='ltr'>aut</span> <span class='ocrx_word' id='word_1_111' title='bbox 1054 861 1122 885; x_wconf 91' lang='lat' dir='ltr'>alias</span> 
     </span>
     <span class='ocr_line' id='line_1_18' title="bbox 200 905 1122 946; baseline -0.011 -6"><span class='ocrx_word' id='word_1_112' title='bbox 200 915 305 940; x_wconf 87' lang='lat' dir='ltr'>eisdem</span> <span class='ocrx_word' id='word_1_113' title='bbox 321 911 503 946; x_wconf 80' lang='lat' dir='ltr'>presentibus</span> <span class='ocrx_word' id='word_1_114' title='bbox 520 910 731 943; x_wconf 86' lang='lat' dir='ltr'>quomodolibet</span> <span class='ocrx_word' id='word_1_115' title='bbox 752 908 891 933; x_wconf 83' lang='lat' dir='ltr'>obsistere</span> <span class='ocrx_word' id='word_1_116' title='bbox 912 907 1045 932; x_wconf 76' lang='lat' dir='ltr'>videntur</span> <span class='ocrx_word' id='word_1_117' title='bbox 1062 905 1122 930; x_wconf 83' lang='lat' dir='ltr'>sive</span> 
     </span>
     <span class='ocr_line' id='line_1_19' title="bbox 201 950 1122 984; baseline -0.01 -1"><span class='ocrx_word' id='word_1_118' title='bbox 201 967 232 984; x_wconf 88' lang='lat' dir='ltr'>ex</span> <span class='ocrx_word' id='word_1_119' title='bbox 255 961 333 983; x_wconf 68' lang='lat' dir='ltr'>verta</span> <span class='ocrx_word' id='word_1_120' title='bbox 355 956 473 981; x_wconf 86' lang='lat' dir='ltr'>scientia</span> <span class='ocrx_word' id='word_1_121' title='bbox 498 957 598 980; x_wconf 87' lang='lat' dir='ltr'>nostra</span> <span class='ocrx_word' id='word_1_122' title='bbox 626 957 654 979; x_wconf 87' lang='lat' dir='ltr'>et</span> <span class='ocrx_word' id='word_1_123' title='bbox 681 953 766 978; x_wconf 77' lang='lat' dir='ltr'>simili</span> <span class='ocrx_word' id='word_1_124' title='bbox 793 955 872 977; x_wconf 90' lang='lat' dir='ltr'>motu</span> <span class='ocrx_word' id='word_1_125' title='bbox 897 951 963 976; x_wconf 64' lang='lat' dir='ltr'>sive&gt;</span> <span class='ocrx_word' id='word_1_126' title='bbox 981 950 1050 975; x_wconf 85' lang='lat' dir='ltr'>alias</span> <span class='ocrx_word' id='word_1_127' title='bbox 1070 950 1122 974; x_wconf 85' lang='lat' dir='ltr'>sub</span> 
     </span>
     <span class='ocr_line' id='line_1_20' title="bbox 202 995 1123 1035; baseline -0.01 -8"><span class='ocrx_word' id='word_1_128' title='bbox 202 1002 347 1035; x_wconf 72' lang='lat' dir='ltr'>quibusvis</span> <span class='ocrx_word' id='word_1_129' title='bbox 368 1001 458 1025; x_wconf 81' lang='lat' dir='ltr'>forma</span> <span class='ocrx_word' id='word_1_130' title='bbox 478 1002 506 1024; x_wconf 87' lang='lat' dir='ltr'>et</span> <span class='ocrx_word' id='word_1_131' title='bbox 526 998 708 1031; x_wconf 78' lang='lat' dir='ltr'>expressione</span> <span class='ocrx_word' id='word_1_132' title='bbox 728 997 880 1022; x_wconf 83' lang='lat' dir='ltr'>verborum</span> <span class='ocrx_word' id='word_1_133' title='bbox 901 998 929 1020; x_wconf 89' lang='lat' dir='ltr'>et</span> <span class='ocrx_word' id='word_1_134' title='bbox 949 1002 1002 1027; x_wconf 87' lang='lat' dir='ltr'>que</span> <span class='ocrx_word' id='word_1_135' title='bbox 1021 995 1123 1019; x_wconf 79' lang='lat' dir='ltr'>fortas-</span> 
     </span>
     <span class='ocr_line' id='line_1_21' title="bbox 200 1039 1124 1072; baseline -0.01 -1"><span class='ocrx_word' id='word_1_136' title='bbox 200 1048 238 1072; x_wconf 77' lang='lat' dir='ltr'>sis</span> <span class='ocrx_word' id='word_1_137' title='bbox 258 1046 350 1071; x_wconf 87' lang='lat' dir='ltr'>totalis</span> <span class='ocrx_word' id='word_1_138' title='bbox 372 1045 414 1069; x_wconf 92' lang='lat' dir='ltr'>sui</span> <span class='ocrx_word' id='word_1_139' title='bbox 435 1043 540 1068; x_wconf 87' lang='lat' dir='ltr'>tenoris</span> <span class='ocrx_word' id='word_1_140' title='bbox 560 1043 748 1067; x_wconf 82' lang='lat' dir='ltr'>insertionem</span> <span class='ocrx_word' id='word_1_141' title='bbox 768 1049 798 1065; x_wconf 88' lang='lat' dir='ltr'>ac</span> <span class='ocrx_word' id='word_1_142' title='bbox 815 1041 929 1065; x_wconf 88' lang='lat' dir='ltr'>illorum</span> <span class='ocrx_word' id='word_1_143' title='bbox 943 1039 1043 1071; x_wconf 84' lang='lat' dir='ltr'>quibus</span> <span class='ocrx_word' id='word_1_144' title='bbox 1060 1046 1124 1062; x_wconf 90' lang='lat' dir='ltr'>con-</span> 
     </span>
     <span class='ocr_line' id='line_1_22' title="bbox 200 1082 1123 1118; baseline -0.01 -3"><span class='ocrx_word' id='word_1_145' title='bbox 200 1098 278 1116; x_wconf 82' lang='lat' dir='ltr'>cesse</span> <span class='ocrx_word' id='word_1_146' title='bbox 299 1092 365 1114; x_wconf 88' lang='lat' dir='ltr'>sunt</span> <span class='ocrx_word' id='word_1_147' title='bbox 391 1088 435 1113; x_wconf 80' lang='lat' dir='ltr'>vel</span> <span class='ocrx_word' id='word_1_148' title='bbox 455 1087 560 1112; x_wconf 77' lang='lat' dir='ltr'>fuerint</span> <span class='ocrx_word' id='word_1_149' title='bbox 579 1086 724 1111; x_wconf 85' lang='lat' dir='ltr'>nominum</span> <span class='ocrx_word' id='word_1_150' title='bbox 752 1087 780 1110; x_wconf 89' lang='lat' dir='ltr'>et</span> <span class='ocrx_word' id='word_1_151' title='bbox 799 1084 1002 1118; x_wconf 76' lang='lat' dir='ltr'>cognominum</span> <span class='ocrx_word' id='word_1_152' title='bbox 1022 1082 1123 1107; x_wconf 81' lang='lat' dir='ltr'>indivi-</span> 
     </span>
     <span class='ocr_line' id='line_1_23' title="bbox 200 1127 1124 1166; baseline -0.01 -6"><span class='ocrx_word' id='word_1_153' title='bbox 200 1135 313 1160; x_wconf 86' lang='lat' dir='ltr'>dualem</span> <span class='ocrx_word' id='word_1_154' title='bbox 338 1133 546 1166; x_wconf 76' lang='lat' dir='ltr'>expressionem</span> <span class='ocrx_word' id='word_1_155' title='bbox 575 1130 757 1163; x_wconf 82' lang='lat' dir='ltr'>presentibus</span> <span class='ocrx_word' id='word_1_156' title='bbox 783 1128 930 1154; x_wconf 80' lang='lat' dir='ltr'>saciendas</span> <span class='ocrx_word' id='word_1_157' title='bbox 957 1128 991 1152; x_wconf 87' lang='lat' dir='ltr'>ad</span> <span class='ocrx_word' id='word_1_158' title='bbox 1018 1127 1071 1152; x_wconf 87' lang='lat' dir='ltr'>hoc</span> <span class='ocrx_word' id='word_1_159' title='bbox 1091 1130 1124 1152; x_wconf 88' lang='lat' dir='ltr'>ut</span> 
     </span>
     <span class='ocr_line' id='line_1_24' title="bbox 200 1172 1124 1211; baseline -0.009 -7"><span class='ocrx_word' id='word_1_160' title='bbox 200 1180 254 1205; x_wconf 85' lang='lat' dir='ltr'>illis</span> <span class='ocrx_word' id='word_1_161' title='bbox 275 1186 324 1211; x_wconf 86' lang='lat' dir='ltr'>per</span> <span class='ocrx_word' id='word_1_162' title='bbox 344 1178 454 1202; x_wconf 83' lang='lat' dir='ltr'>easdem</span> <span class='ocrx_word' id='word_1_163' title='bbox 474 1178 622 1209; x_wconf 71' lang='lat' dir='ltr'>presentes</span> <span class='ocrx_word' id='word_1_164' title='bbox 643 1174 821 1199; x_wconf 76' lang='lat' dir='ltr'>sufficienter</span> <span class='ocrx_word' id='word_1_165' title='bbox 834 1173 990 1206; x_wconf 78' lang='lat' dir='ltr'>derogetur</span> <span class='ocrx_word' id='word_1_166' title='bbox 1004 1172 1124 1205; x_wconf 79' lang='lat' dir='ltr'>exigunt</span> 
     </span>
     <span class='ocr_line' id='line_1_25' title="bbox 200 1216 1124 1254; baseline -0.008 -7"><span class='ocrx_word' id='word_1_167' title='bbox 200 1224 244 1249; x_wconf 80' lang='lat' dir='ltr'>vel</span> <span class='ocrx_word' id='word_1_168' title='bbox 265 1222 413 1254; x_wconf 83' lang='lat' dir='ltr'>requirunt</span> <span class='ocrx_word' id='word_1_169' title='bbox 433 1224 460 1244; x_wconf 90' lang='lat' dir='ltr'>et</span> <span class='ocrx_word' id='word_1_170' title='bbox 479 1228 533 1252; x_wconf 90' lang='lat' dir='ltr'>que</span> <span class='ocrx_word' id='word_1_171' title='bbox 553 1219 621 1252; x_wconf 90' lang='lat' dir='ltr'>ipsis</span> <span class='ocrx_word' id='word_1_172' title='bbox 641 1218 823 1251; x_wconf 84' lang='lat' dir='ltr'>presentibus</span> <span class='ocrx_word' id='word_1_173' title='bbox 843 1217 958 1250; x_wconf 84' lang='lat' dir='ltr'>perinde</span> <span class='ocrx_word' id='word_1_174' title='bbox 982 1223 1013 1240; x_wconf 78' lang='lat' dir='ltr'>ac</span> <span class='ocrx_word' id='word_1_175' title='bbox 1034 1216 1057 1241; x_wconf 89' lang='lat' dir='ltr'>si</span> <span class='ocrx_word' id='word_1_176' title='bbox 1077 1224 1124 1241; x_wconf 87' lang='lat' dir='ltr'>ea-</span> 
     </span>
     <span class='ocr_line' id='line_1_26' title="bbox 200 1261 1123 1293; baseline -0.009 0"><span class='ocrx_word' id='word_1_177' title='bbox 200 1277 262 1293; x_wconf 91' lang='lat' dir='ltr'>rum</span> <span class='ocrx_word' id='word_1_178' title='bbox 282 1271 364 1291; x_wconf 87' lang='lat' dir='ltr'>tenor</span> <span class='ocrx_word' id='word_1_179' title='bbox 390 1265 445 1289; x_wconf 86' lang='lat' dir='ltr'>illis</span> <span class='ocrx_word' id='word_1_180' title='bbox 466 1265 498 1288; x_wconf 85' lang='lat' dir='ltr'>de</span> <span class='ocrx_word' id='word_1_181' title='bbox 519 1264 604 1288; x_wconf 81' lang='lat' dir='ltr'>verbo</span> <span class='ocrx_word' id='word_1_182' title='bbox 625 1263 658 1288; x_wconf 89' lang='lat' dir='ltr'>ad</span> <span class='ocrx_word' id='word_1_183' title='bbox 678 1263 796 1287; x_wconf 85' lang='lat' dir='ltr'>verbum</span> <span class='ocrx_word' id='word_1_184' title='bbox 824 1262 949 1287; x_wconf 88' lang='lat' dir='ltr'>insertus</span> <span class='ocrx_word' id='word_1_185' title='bbox 977 1261 1053 1286; x_wconf 87' lang='lat' dir='ltr'>foret</span> <span class='ocrx_word' id='word_1_186' title='bbox 1072 1268 1123 1293; x_wconf 91' lang='lat' dir='ltr'>pro</span> 
     </span>
     <span class='ocr_line' id='line_1_27' title="bbox 200 1305 1124 1345; baseline -0.008 -9"><span class='ocrx_word' id='word_1_187' title='bbox 200 1311 340 1345; x_wconf 81' lang='lat' dir='ltr'>expressis</span> <span class='ocrx_word' id='word_1_188' title='bbox 360 1310 518 1334; x_wconf 85' lang='lat' dir='ltr'>habeantur</span> <span class='ocrx_word' id='word_1_189' title='bbox 537 1308 743 1338; x_wconf 75' lang='lat' dir='ltr'>emanaverint,</span> <span class='ocrx_word' id='word_1_190' title='bbox 772 1315 803 1331; x_wconf 91' lang='lat' dir='ltr'>ac</span> <span class='ocrx_word' id='word_1_191' title='bbox 823 1306 954 1331; x_wconf 86' lang='lat' dir='ltr'>mandata</span> <span class='ocrx_word' id='word_1_192' title='bbox 974 1306 1007 1331; x_wconf 87' lang='lat' dir='ltr'>de</span> <span class='ocrx_word' id='word_1_193' title='bbox 1028 1305 1124 1338; x_wconf 83' lang='lat' dir='ltr'>provi-</span> 
     </span>
     <span class='ocr_line' id='line_1_28' title="bbox 202 1352 1123 1385; baseline -0.007 -5"><span class='ocrx_word' id='word_1_194' title='bbox 202 1356 294 1381; x_wconf 85' lang='lat' dir='ltr'>dendo</span> <span class='ocrx_word' id='word_1_195' title='bbox 317 1354 381 1379; x_wconf 91' lang='lat' dir='ltr'>inde</span> <span class='ocrx_word' id='word_1_196' title='bbox 404 1356 500 1378; x_wconf 85' lang='lat' dir='ltr'>secuta</span> <span class='ocrx_word' id='word_1_197' title='bbox 521 1361 584 1376; x_wconf 82' lang='lat' dir='ltr'>cum</span> <span class='ocrx_word' id='word_1_198' title='bbox 599 1352 779 1385; x_wconf 84' lang='lat' dir='ltr'>processibus</span> <span class='ocrx_word' id='word_1_199' title='bbox 803 1359 854 1384; x_wconf 91' lang='lat' dir='ltr'>per</span> <span class='ocrx_word' id='word_1_200' title='bbox 876 1359 909 1376; x_wconf 89' lang='lat' dir='ltr'>ea</span> <span class='ocrx_word' id='word_1_201' title='bbox 929 1358 980 1384; x_wconf 91' lang='lat' dir='ltr'>pro</span> <span class='ocrx_word' id='word_1_202' title='bbox 996 1353 1123 1382; x_wconf 90' lang='lat' dir='ltr'>tempore</span> 
     </span>
     <span class='ocr_line' id='line_1_29' title="bbox 200 1393 1123 1430; baseline -0.007 -6"><span class='ocrx_word' id='word_1_203' title='bbox 200 1400 321 1430; x_wconf 78' lang='lat' dir='ltr'>habitis,</span> <span class='ocrx_word' id='word_1_204' title='bbox 341 1398 394 1422; x_wconf 83' lang='lat' dir='ltr'>nisi</span> <span class='ocrx_word' id='word_1_205' title='bbox 419 1397 460 1422; x_wconf 89' lang='lat' dir='ltr'>illi</span> <span class='ocrx_word' id='word_1_206' title='bbox 483 1405 534 1429; x_wconf 92' lang='lat' dir='ltr'>pro</span> <span class='ocrx_word' id='word_1_207' title='bbox 551 1397 651 1429; x_wconf 88' lang='lat' dir='ltr'>quibus</span> <span class='ocrx_word' id='word_1_208' title='bbox 670 1396 865 1420; x_wconf 79' lang='lat' dir='ltr'>emanaverint</span> <span class='ocrx_word' id='word_1_209' title='bbox 879 1398 911 1419; x_wconf 91' lang='lat' dir='ltr'>ut</span> <span class='ocrx_word' id='word_1_210' title='bbox 927 1394 1072 1428; x_wconf 76' lang='lat' dir='ltr'>prefertur</span> <span class='ocrx_word' id='word_1_211' title='bbox 1089 1393 1123 1418; x_wconf 89' lang='lat' dir='ltr'>de</span> 
     </span>
     <span class='ocr_line' id='line_1_30' title="bbox 199 1438 1123 1469; baseline -0.006 -1"><span class='ocrx_word' id='word_1_212' title='bbox 199 1443 406 1469; x_wconf 78' lang='lat' dir='ltr'>venerabilium</span> <span class='ocrx_word' id='word_1_213' title='bbox 424 1442 544 1465; x_wconf 81' lang='lat' dir='ltr'>fratrum</span> <span class='ocrx_word' id='word_1_214' title='bbox 564 1443 730 1465; x_wconf 90' lang='lat' dir='ltr'>nostrorum</span> <span class='ocrx_word' id='word_1_215' title='bbox 745 1442 843 1464; x_wconf 84' lang='lat' dir='ltr'>sancte</span> <span class='ocrx_word' id='word_1_216' title='bbox 862 1438 988 1463; x_wconf 81' lang='lat' dir='ltr'>Romane</span> <span class='ocrx_word' id='word_1_217' title='bbox 1005 1438 1123 1463; x_wconf 83' lang='lat' dir='ltr'>ecclesie</span> 
     </span>
     <span class='ocr_line' id='line_1_31' title="bbox 202 1483 1125 1516; baseline -0.007 -4"><span class='ocrx_word' id='word_1_218' title='bbox 202 1487 386 1512; x_wconf 67' lang='lat' dir='ltr'>cardinalium</span> <span class='ocrx_word' id='word_1_219' title='bbox 409 1493 527 1510; x_wconf 88' lang='lat' dir='ltr'>numero</span> <span class='ocrx_word' id='word_1_220' title='bbox 550 1485 658 1509; x_wconf 78' lang='lat' dir='ltr'>suerint</span> <span class='ocrx_word' id='word_1_221' title='bbox 680 1484 713 1509; x_wconf 91' lang='lat' dir='ltr'>ad</span> <span class='ocrx_word' id='word_1_222' title='bbox 734 1483 872 1508; x_wconf 86' lang='lat' dir='ltr'>beneficia</span> <span class='ocrx_word' id='word_1_223' title='bbox 893 1490 946 1516; x_wconf 90' lang='lat' dir='ltr'>que</span> <span class='ocrx_word' id='word_1_224' title='bbox 964 1490 1079 1515; x_wconf 88' lang='lat' dir='ltr'>precum</span> <span class='ocrx_word' id='word_1_225' title='bbox 1097 1484 1125 1507; x_wconf 86' lang='lat' dir='ltr'>et</span> 
     </span>
     <span class='ocr_line' id='line_1_32' title="bbox 200 1528 1124 1562; baseline -0.006 -6"><span class='ocrx_word' id='word_1_226' title='bbox 200 1531 427 1557; x_wconf 87' lang='lat' dir='ltr'>nominationum</span> <span class='ocrx_word' id='word_1_227' title='bbox 442 1529 642 1562; x_wconf 89' lang='lat' dir='ltr'>primariarum</span> <span class='ocrx_word' id='word_1_228' title='bbox 658 1528 818 1553; x_wconf 87' lang='lat' dir='ltr'>huiusmodi</span> <span class='ocrx_word' id='word_1_229' title='bbox 841 1528 941 1561; x_wconf 83' lang='lat' dir='ltr'>vigore</span> <span class='ocrx_word' id='word_1_230' title='bbox 962 1534 1012 1559; x_wconf 89' lang='lat' dir='ltr'>per</span> <span class='ocrx_word' id='word_1_231' title='bbox 1026 1534 1124 1559; x_wconf 89' lang='lat' dir='ltr'>perso-</span> 
     </span>
     <span class='ocr_line' id='line_1_33' title="bbox 201 1571 1123 1608; baseline -0.007 -8"><span class='ocrx_word' id='word_1_232' title='bbox 201 1583 253 1601; x_wconf 90' lang='lat' dir='ltr'>nas</span> <span class='ocrx_word' id='word_1_233' title='bbox 276 1583 326 1608; x_wconf 91' lang='lat' dir='ltr'>pro</span> <span class='ocrx_word' id='word_1_234' title='bbox 350 1574 452 1605; x_wconf 89' lang='lat' dir='ltr'>quibus</span> <span class='ocrx_word' id='word_1_235' title='bbox 475 1573 523 1598; x_wconf 91' lang='lat' dir='ltr'>ille</span> <span class='ocrx_word' id='word_1_236' title='bbox 548 1574 622 1597; x_wconf 80' lang='lat' dir='ltr'>facte</span> <span class='ocrx_word' id='word_1_237' title='bbox 644 1573 752 1597; x_wconf 83' lang='lat' dir='ltr'>suerint</span> <span class='ocrx_word' id='word_1_238' title='bbox 772 1572 913 1605; x_wconf 82' lang='lat' dir='ltr'>acceptari</span> <span class='ocrx_word' id='word_1_239' title='bbox 932 1574 960 1596; x_wconf 90' lang='lat' dir='ltr'>et</span> <span class='ocrx_word' id='word_1_240' title='bbox 975 1571 1008 1595; x_wconf 90' lang='lat' dir='ltr'>de</span> <span class='ocrx_word' id='word_1_241' title='bbox 1022 1571 1123 1603; x_wconf 86' lang='lat' dir='ltr'>quibus</span> 
     </span>
     <span class='ocr_line' id='line_1_34' title="bbox 202 1615 1124 1652; baseline -0.007 -7"><span class='ocrx_word' id='word_1_242' title='bbox 202 1620 241 1645; x_wconf 83' lang='lat' dir='ltr'>cis</span> <span class='ocrx_word' id='word_1_243' title='bbox 258 1618 401 1652; x_wconf 88' lang='lat' dir='ltr'>provideri</span> <span class='ocrx_word' id='word_1_244' title='bbox 423 1617 578 1651; x_wconf 75' lang='lat' dir='ltr'>contigerit</span> <span class='ocrx_word' id='word_1_245' title='bbox 598 1617 714 1642; x_wconf 88' lang='lat' dir='ltr'>minime</span> <span class='ocrx_word' id='word_1_246' title='bbox 733 1616 844 1641; x_wconf 87' lang='lat' dir='ltr'>extendi</span> <span class='ocrx_word' id='word_1_247' title='bbox 861 1615 997 1648; x_wconf 76' lang='lat' dir='ltr'>quinymo</span> <span class='ocrx_word' id='word_1_248' title='bbox 1017 1615 1046 1639; x_wconf 90' lang='lat' dir='ltr'>in</span> <span class='ocrx_word' id='word_1_249' title='bbox 1062 1615 1124 1640; x_wconf 90' lang='lat' dir='ltr'>illo-</span> 
     </span>
     <span class='ocr_line' id='line_1_35' title="bbox 199 1659 1123 1694; baseline -0.006 -6"><span class='ocrx_word' id='word_1_250' title='bbox 199 1672 262 1688; x_wconf 89' lang='lat' dir='ltr'>rum</span> <span class='ocrx_word' id='word_1_251' title='bbox 279 1662 458 1687; x_wconf 83' lang='lat' dir='ltr'>assecutione</span> <span class='ocrx_word' id='word_1_252' title='bbox 475 1668 610 1694; x_wconf 83' lang='lat' dir='ltr'>personas</span> <span class='ocrx_word' id='word_1_253' title='bbox 626 1662 702 1693; x_wconf 82' lang='lat' dir='ltr'>ipsas</span> <span class='ocrx_word' id='word_1_254' title='bbox 717 1661 848 1685; x_wconf 89' lang='lat' dir='ltr'>omnibus</span> <span class='ocrx_word' id='word_1_255' title='bbox 860 1662 888 1685; x_wconf 91' lang='lat' dir='ltr'>et</span> <span class='ocrx_word' id='word_1_256' title='bbox 898 1659 1123 1691; x_wconf 85' lang='lat' dir='ltr'>quibuscumque</span> 
     </span>
     <span class='ocr_line' id='line_1_36' title="bbox 201 1703 1124 1737; baseline -0.005 -5"><span class='ocrx_word' id='word_1_257' title='bbox 201 1716 234 1733; x_wconf 87' lang='lat' dir='ltr'>ea</span> <span class='ocrx_word' id='word_1_258' title='bbox 260 1708 421 1732; x_wconf 87' lang='lat' dir='ltr'>litterarum</span> <span class='ocrx_word' id='word_1_259' title='bbox 442 1705 670 1730; x_wconf 82' lang='lat' dir='ltr'>reservationum</span> <span class='ocrx_word' id='word_1_260' title='bbox 695 1703 858 1729; x_wconf 84' lang='lat' dir='ltr'>huiusmodi</span> <span class='ocrx_word' id='word_1_261' title='bbox 880 1704 979 1737; x_wconf 77' lang='lat' dir='ltr'>vigore</span> <span class='ocrx_word' id='word_1_262' title='bbox 1003 1705 1032 1728; x_wconf 87' lang='lat' dir='ltr'>et</span> <span class='ocrx_word' id='word_1_263' title='bbox 1059 1711 1124 1727; x_wconf 89' lang='lat' dir='ltr'>cum</span> 
     </span>
     <span class='ocr_line' id='line_1_37' title="bbox 202 1747 1124 1784; baseline -0.005 -8"><span class='ocrx_word' id='word_1_264' title='bbox 202 1751 347 1784; x_wconf 82' lang='lat' dir='ltr'>quibusvis</span> <span class='ocrx_word' id='word_1_265' title='bbox 368 1750 573 1774; x_wconf 85' lang='lat' dir='ltr'>antelationum</span> <span class='ocrx_word' id='word_1_266' title='bbox 591 1747 782 1782; x_wconf 71' lang='lat' dir='ltr'>prerogativis</span> <span class='ocrx_word' id='word_1_267' title='bbox 800 1749 885 1773; x_wconf 88' lang='lat' dir='ltr'>etiam</span> <span class='ocrx_word' id='word_1_268' title='bbox 905 1748 962 1772; x_wconf 88' lang='lat' dir='ltr'>illis</span> <span class='ocrx_word' id='word_1_269' title='bbox 979 1755 1047 1780; x_wconf 88' lang='lat' dir='ltr'>quas</span> <span class='ocrx_word' id='word_1_270' title='bbox 1063 1755 1124 1771; x_wconf 87' lang='lat' dir='ltr'>cer-</span> 
     </span>
     <span class='ocr_line' id='line_1_38' title="bbox 203 1792 1125 1820; baseline -0.005 0"><span class='ocrx_word' id='word_1_271' title='bbox 203 1797 239 1820; x_wconf 84' lang='lat' dir='ltr'>tis</span> <span class='ocrx_word' id='word_1_272' title='bbox 257 1795 361 1820; x_wconf 88' lang='lat' dir='ltr'>nostris</span> <span class='ocrx_word' id='word_1_273' title='bbox 382 1794 570 1818; x_wconf 78' lang='lat' dir='ltr'>familiaribus</span> <span class='ocrx_word' id='word_1_274' title='bbox 592 1793 736 1818; x_wconf 78' lang='lat' dir='ltr'>continuis</span> <span class='ocrx_word' id='word_1_275' title='bbox 757 1792 996 1817; x_wconf 84' lang='lat' dir='ltr'>commensalibus</span> <span class='ocrx_word' id='word_1_276' title='bbox 1014 1792 1043 1816; x_wconf 91' lang='lat' dir='ltr'>in</span> <span class='ocrx_word' id='word_1_277' title='bbox 1061 1799 1125 1816; x_wconf 85' lang='lat' dir='ltr'>can-</span> 
     </span>
     <span class='ocr_line' id='line_1_39' title="bbox 203 1835 1126 1869; baseline -0.004 -5"><span class='ocrx_word' id='word_1_278' title='bbox 203 1839 318 1864; x_wconf 84' lang='lat' dir='ltr'>cellaria</span> <span class='ocrx_word' id='word_1_279' title='bbox 346 1838 500 1869; x_wconf 83' lang='lat' dir='ltr'>apostolica</span> <span class='ocrx_word' id='word_1_280' title='bbox 522 1837 690 1861; x_wconf 85' lang='lat' dir='ltr'>nominatim</span> <span class='ocrx_word' id='word_1_281' title='bbox 714 1835 864 1869; x_wconf 87' lang='lat' dir='ltr'>descriptis</span> <span class='ocrx_word' id='word_1_282' title='bbox 886 1835 1079 1861; x_wconf 81' lang='lat' dir='ltr'>concessimus</span> <span class='ocrx_word' id='word_1_283' title='bbox 1097 1838 1126 1860; x_wconf 89' lang='lat' dir='ltr'>et</span> 
     </span>
     <span class='ocr_line' id='line_1_40' title="bbox 204 1879 1124 1914; baseline -0.003 -7"><span class='ocrx_word' id='word_1_284' title='bbox 204 1892 268 1908; x_wconf 81' lang='lat' dir='ltr'>cum</span> <span class='ocrx_word' id='word_1_285' title='bbox 287 1882 424 1907; x_wconf 84' lang='lat' dir='ltr'>similibus</span> <span class='ocrx_word' id='word_1_286' title='bbox 441 1881 626 1914; x_wconf 66' lang='lat' dir='ltr'>derogatoriis</span> <span class='ocrx_word' id='word_1_287' title='bbox 648 1881 782 1905; x_wconf 78' lang='lat' dir='ltr'>clausulis</span> <span class='ocrx_word' id='word_1_288' title='bbox 806 1888 859 1912; x_wconf 89' lang='lat' dir='ltr'>que</span> <span class='ocrx_word' id='word_1_289' title='bbox 879 1880 951 1905; x_wconf 87' lang='lat' dir='ltr'>nulli</span> <span class='ocrx_word' id='word_1_290' title='bbox 973 1879 1124 1912; x_wconf 85' lang='lat' dir='ltr'>quominus</span> 
     </span>
     <span class='ocr_line' id='line_1_41' title="bbox 205 1924 1125 1961; baseline -0.003 -10"><span class='ocrx_word' id='word_1_291' title='bbox 205 1926 378 1961; x_wconf 85' lang='lat' dir='ltr'>presentium</span> <span class='ocrx_word' id='word_1_292' title='bbox 396 1925 527 1950; x_wconf 78' lang='lat' dir='ltr'>succedat</span> <span class='ocrx_word' id='word_1_293' title='bbox 543 1925 663 1949; x_wconf 81' lang='lat' dir='ltr'>effectus</span> <span class='ocrx_word' id='word_1_294' title='bbox 682 1924 834 1958; x_wconf 80' lang='lat' dir='ltr'>suffragari</span> <span class='ocrx_word' id='word_1_295' title='bbox 857 1924 961 1949; x_wconf 88' lang='lat' dir='ltr'>dehent</span> <span class='ocrx_word' id='word_1_296' title='bbox 976 1926 1125 1957; x_wconf 78' lang='lat' dir='ltr'>expectan-</span> 
     </span>
     <span class='ocr_line' id='line_1_42' title="bbox 204 1969 1125 2000; baseline -0.003 -4"><span class='ocrx_word' id='word_1_297' title='bbox 204 1972 280 1996; x_wconf 89' lang='lat' dir='ltr'>tibus</span> <span class='ocrx_word' id='word_1_298' title='bbox 303 1970 387 1994; x_wconf 85' lang='lat' dir='ltr'>etiam</span> <span class='ocrx_word' id='word_1_299' title='bbox 408 1970 430 1994; x_wconf 84' lang='lat' dir='ltr'>si</span> <span class='ocrx_word' id='word_1_300' title='bbox 456 1969 567 1993; x_wconf 87' lang='lat' dir='ltr'>illarum</span> <span class='ocrx_word' id='word_1_301' title='bbox 589 1969 708 1993; x_wconf 91' lang='lat' dir='ltr'>obtentu</span> <span class='ocrx_word' id='word_1_302' title='bbox 731 1969 759 1993; x_wconf 92' lang='lat' dir='ltr'>in</span> <span class='ocrx_word' id='word_1_303' title='bbox 785 1969 929 2000; x_wconf 88' lang='lat' dir='ltr'>quibusvis</span> <span class='ocrx_word' id='word_1_304' title='bbox 947 1969 1074 1993; x_wconf 86' lang='lat' dir='ltr'>ecclesiis</span> <span class='ocrx_word' id='word_1_305' title='bbox 1097 1969 1125 1993; x_wconf 90' lang='lat' dir='ltr'>in</span> 
     </span>
     <span class='ocr_line' id='line_1_43' title="bbox 202 2013 1125 2046; baseline -0.002 -7"><span class='ocrx_word' id='word_1_306' title='bbox 202 2015 352 2040; x_wconf 85' lang='lat' dir='ltr'>canonicos</span> <span class='ocrx_word' id='word_1_307' title='bbox 367 2014 472 2046; x_wconf 85' lang='lat' dir='ltr'>recepti</span> <span class='ocrx_word' id='word_1_308' title='bbox 491 2013 606 2045; x_wconf 83' lang='lat' dir='ltr'>fuerint,</span> <span class='ocrx_word' id='word_1_309' title='bbox 621 2013 702 2037; x_wconf 78' lang='lat' dir='ltr'>dictis</span> <span class='ocrx_word' id='word_1_310' title='bbox 714 2013 905 2037; x_wconf 84' lang='lat' dir='ltr'>cardinalibus</span> <span class='ocrx_word' id='word_1_311' title='bbox 921 2013 1066 2038; x_wconf 84' lang='lat' dir='ltr'>dumtaxat</span> <span class='ocrx_word' id='word_1_312' title='bbox 1081 2020 1125 2037; x_wconf 84' lang='lat' dir='ltr'>ex-</span> 
     </span>
     <span class='ocr_line' id='line_1_44' title="bbox 204 2057 1125 2091; baseline -0.001 -8"><span class='ocrx_word' id='word_1_313' title='bbox 204 2060 291 2091; x_wconf 86' lang='lat' dir='ltr'>ceptis</span> <span class='ocrx_word' id='word_1_314' title='bbox 312 2058 448 2083; x_wconf 77' lang='lat' dir='ltr'>anteferri</span> <span class='ocrx_word' id='word_1_315' title='bbox 466 2058 613 2089; x_wconf 65' lang='lat' dir='ltr'>volumus,</span> <span class='ocrx_word' id='word_1_316' title='bbox 632 2057 680 2081; x_wconf 84' lang='lat' dir='ltr'>sed</span> <span class='ocrx_word' id='word_1_317' title='bbox 697 2057 807 2081; x_wconf 86' lang='lat' dir='ltr'>nullum</span> <span class='ocrx_word' id='word_1_318' title='bbox 831 2065 882 2090; x_wconf 91' lang='lat' dir='ltr'>per</span> <span class='ocrx_word' id='word_1_319' title='bbox 898 2057 952 2081; x_wconf 92' lang='lat' dir='ltr'>hoc</span> <span class='ocrx_word' id='word_1_320' title='bbox 970 2059 1008 2082; x_wconf 88' lang='lat' dir='ltr'>eis</span> <span class='ocrx_word' id='word_1_321' title='bbox 1026 2065 1125 2090; x_wconf 81' lang='lat' dir='ltr'>expec-</span> 
     </span>
     <span class='ocr_line' id='line_1_45' title="bbox 201 2101 1127 2134; baseline -0.001 -7"><span class='ocrx_word' id='word_1_322' title='bbox 201 2104 327 2127; x_wconf 76' lang='lat' dir='ltr'>tantibus</span> <span class='ocrx_word' id='word_1_323' title='bbox 351 2102 418 2134; x_wconf 86' lang='lat' dir='ltr'>ipsis</span> <span class='ocrx_word' id='word_1_324' title='bbox 442 2101 534 2133; x_wconf 90' lang='lat' dir='ltr'>quoad</span> <span class='ocrx_word' id='word_1_325' title='bbox 553 2101 762 2126; x_wconf 82' lang='lat' dir='ltr'>assecutionem</span> <span class='ocrx_word' id='word_1_326' title='bbox 782 2101 987 2126; x_wconf 87' lang='lat' dir='ltr'>beneficiorum</span> <span class='ocrx_word' id='word_1_327' title='bbox 1007 2102 1127 2126; x_wconf 86' lang='lat' dir='ltr'>aliorum</span> 
     </span>
     <span class='ocr_line' id='line_1_46' title="bbox 203 2144 1125 2180; baseline -0.002 -8"><span class='ocrx_word' id='word_1_328' title='bbox 203 2147 389 2180; x_wconf 73' lang='lat' dir='ltr'>preiudicium</span> <span class='ocrx_word' id='word_1_329' title='bbox 405 2144 554 2177; x_wconf 70' lang='lat' dir='ltr'>generari,</span> <span class='ocrx_word' id='word_1_330' title='bbox 581 2152 631 2169; x_wconf 83' lang='lat' dir='ltr'>seu</span> <span class='ocrx_word' id='word_1_331' title='bbox 655 2145 677 2169; x_wconf 87' lang='lat' dir='ltr'>si</span> <span class='ocrx_word' id='word_1_332' title='bbox 693 2145 773 2169; x_wconf 78' lang='lat' dir='ltr'>dictis</span> <span class='ocrx_word' id='word_1_333' title='bbox 790 2146 974 2170; x_wconf 82' lang='lat' dir='ltr'>collatoribus</span> <span class='ocrx_word' id='word_1_334' title='bbox 999 2149 1026 2170; x_wconf 88' lang='lat' dir='ltr'>et</span> <span class='ocrx_word' id='word_1_335' title='bbox 1042 2146 1125 2170; x_wconf 83' lang='lat' dir='ltr'>colla-</span> 
     </span>
     <span class='ocr_line' id='line_1_47' title="bbox 206 2189 1126 2221; baseline -0.001 -6"><span class='ocrx_word' id='word_1_336' title='bbox 206 2192 321 2216; x_wconf 73' lang='lat' dir='ltr'>trivilius</span> <span class='ocrx_word' id='word_1_337' title='bbox 339 2190 384 2214; x_wconf 57' lang='lat' dir='ltr'>iel</span> <span class='ocrx_word' id='word_1_338' title='bbox 402 2189 548 2221; x_wconf 66' lang='lat' dir='ltr'>quibusxis</span> <span class='ocrx_word' id='word_1_339' title='bbox 565 2189 626 2214; x_wconf 92' lang='lat' dir='ltr'>aliis</span> <span class='ocrx_word' id='word_1_340' title='bbox 642 2190 832 2213; x_wconf 90' lang='lat' dir='ltr'>communiter</span> <span class='ocrx_word' id='word_1_341' title='bbox 846 2189 890 2213; x_wconf 80' lang='lat' dir='ltr'>vel</span> <span class='ocrx_word' id='word_1_342' title='bbox 903 2189 1013 2214; x_wconf 76' lang='lat' dir='ltr'>divisim</span> <span class='ocrx_word' id='word_1_343' title='bbox 1028 2198 1042 2214; x_wconf 85' lang='lat' dir='ltr'>a</span> <span class='ocrx_word' id='word_1_344' title='bbox 1053 2190 1126 2214; x_wconf 82' lang='lat' dir='ltr'>(licta</span> 
     </span>
     <span class='ocr_line' id='line_1_48' title="bbox 206 2233 1126 2265; baseline -0.001 -6"><span class='ocrx_word' id='word_1_345' title='bbox 206 2236 241 2259; x_wconf 70' lang='lat' dir='ltr'>sit</span> <span class='ocrx_word' id='word_1_346' title='bbox 258 2235 323 2259; x_wconf 87' lang='lat' dir='ltr'>sede</span> <span class='ocrx_word' id='word_1_347' title='bbox 341 2234 495 2264; x_wconf 82' lang='lat' dir='ltr'>indultum⁷</span> <span class='ocrx_word' id='word_1_348' title='bbox 516 2233 589 2265; x_wconf 88' lang='lat' dir='ltr'>quod</span> <span class='ocrx_word' id='word_1_349' title='bbox 608 2233 641 2257; x_wconf 90' lang='lat' dir='ltr'>ad</span> <span class='ocrx_word' id='word_1_350' title='bbox 661 2233 854 2265; x_wconf 84' lang='lat' dir='ltr'>receptionem</span> <span class='ocrx_word' id='word_1_351' title='bbox 873 2233 918 2257; x_wconf 82' lang='lat' dir='ltr'>vel</span> <span class='ocrx_word' id='word_1_352' title='bbox 934 2233 1126 2265; x_wconf 87' lang='lat' dir='ltr'>provisionem</span> 
     </span>
     <span class='ocr_line' id='line_1_49' title="bbox 206 2277 1126 2310; baseline 0 -7"><span class='ocrx_word' id='word_1_353' title='bbox 206 2279 324 2303; x_wconf 68' lang='lat' dir='ltr'>alicuius</span> <span class='ocrx_word' id='word_1_354' title='bbox 340 2278 452 2302; x_wconf 88' lang='lat' dir='ltr'>minime</span> <span class='ocrx_word' id='word_1_355' title='bbox 469 2280 622 2302; x_wconf 85' lang='lat' dir='ltr'>teneantur</span> <span class='ocrx_word' id='word_1_356' title='bbox 641 2280 668 2301; x_wconf 91' lang='lat' dir='ltr'>et</span> <span class='ocrx_word' id='word_1_357' title='bbox 690 2277 723 2301; x_wconf 88' lang='lat' dir='ltr'>ad</span> <span class='ocrx_word' id='word_1_358' title='bbox 740 2277 767 2301; x_wconf 88' lang='lat' dir='ltr'>id</span> <span class='ocrx_word' id='word_1_359' title='bbox 782 2278 913 2310; x_wconf 91' lang='lat' dir='ltr'>compelli</span> <span class='ocrx_word' id='word_1_360' title='bbox 931 2280 980 2301; x_wconf 91' lang='lat' dir='ltr'>aut</span> <span class='ocrx_word' id='word_1_361' title='bbox 995 2278 1067 2309; x_wconf 91' lang='lat' dir='ltr'>quod</span> <span class='ocrx_word' id='word_1_362' title='bbox 1085 2279 1126 2303; x_wconf 90' lang='lat' dir='ltr'>in-</span> 
     </span>
     <span class='ocr_line' id='line_1_50' title="bbox 206 2321 1125 2355; baseline 0.001 -9"><span class='ocrx_word' id='word_1_363' title='bbox 206 2323 303 2347; x_wconf 74' lang='lat' dir='ltr'>terdici</span> <span class='ocrx_word' id='word_1_364' title='bbox 321 2321 452 2353; x_wconf 82' lang='lat' dir='ltr'>suspendi</span> <span class='ocrx_word' id='word_1_365' title='bbox 470 2321 514 2345; x_wconf 86' lang='lat' dir='ltr'>vel</span> <span class='ocrx_word' id='word_1_366' title='bbox 530 2321 765 2345; x_wconf 81' lang='lat' dir='ltr'>excommunicari</span> <span class='ocrx_word' id='word_1_367' title='bbox 789 2329 847 2346; x_wconf 92' lang='lat' dir='ltr'>non</span> <span class='ocrx_word' id='word_1_368' title='bbox 869 2323 979 2354; x_wconf 71' lang='lat' dir='ltr'>possint</span> <span class='ocrx_word' id='word_1_369' title='bbox 995 2323 1125 2355; x_wconf 88' lang='lat' dir='ltr'>quodque</span> 
     </span>
     <span class='ocr_line' id='line_1_51' title="bbox 207 2365 1125 2392; baseline 0 -1"><span class='ocrx_word' id='word_1_370' title='bbox 207 2367 239 2391; x_wconf 89' lang='lat' dir='ltr'>dc</span> <span class='ocrx_word' id='word_1_371' title='bbox 256 2365 415 2390; x_wconf 81' lang='lat' dir='ltr'>huiusmodi</span> <span class='ocrx_word' id='word_1_372' title='bbox 439 2365 483 2388; x_wconf 72' lang='lat' dir='ltr'>rel</span> <span class='ocrx_word' id='word_1_373' title='bbox 507 2365 567 2389; x_wconf 87' lang='lat' dir='ltr'>aliis</span> <span class='ocrx_word' id='word_1_374' title='bbox 591 2365 735 2390; x_wconf 74' lang='lat' dir='ltr'>beneficiis</span> <span class='ocrx_word' id='word_1_375' title='bbox 757 2365 955 2391; x_wconf 85' lang='lat' dir='ltr'>ecclesiasticis</span> <span class='ocrx_word' id='word_1_376' title='bbox 976 2367 1009 2391; x_wconf 88' lang='lat' dir='ltr'>ad</span> <span class='ocrx_word' id='word_1_377' title='bbox 1028 2375 1125 2392; x_wconf 87' lang='lat' dir='ltr'>eorum</span> 
     </span>
     <span class='ocr_line' id='line_1_52' title="bbox 207 2409 1125 2441; baseline 0.002 -7"><span class='ocrx_word' id='word_1_378' title='bbox 207 2410 388 2434; x_wconf 72' lang='lat' dir='ltr'>collationem</span> <span class='ocrx_word' id='word_1_379' title='bbox 411 2409 600 2440; x_wconf 80' lang='lat' dir='ltr'>provisionem</span> <span class='ocrx_word' id='word_1_380' title='bbox 620 2411 863 2441; x_wconf 86' lang='lat' dir='ltr'>presentationem</span> <span class='ocrx_word' id='word_1_381' title='bbox 883 2410 1053 2435; x_wconf 89' lang='lat' dir='ltr'>electionem</span> <span class='ocrx_word' id='word_1_382' title='bbox 1076 2418 1125 2436; x_wconf 85' lang='lat' dir='ltr'>seu</span> 
     </span>
     <span class='ocr_line' id='line_1_53' title="bbox 205 2452 1126 2487; baseline 0.002 -10"><span class='ocrx_word' id='word_1_383' title='bbox 205 2453 332 2486; x_wconf 83' lang='lat' dir='ltr'>quamvis</span> <span class='ocrx_word' id='word_1_384' title='bbox 343 2453 423 2476; x_wconf 85' lang='lat' dir='ltr'>aliam</span> <span class='ocrx_word' id='word_1_385' title='bbox 433 2452 642 2484; x_wconf 73' lang='lat' dir='ltr'>dispositionem</span> <span class='ocrx_word' id='word_1_386' title='bbox 651 2453 825 2484; x_wconf 87' lang='lat' dir='ltr'>conjunctim</span> <span class='ocrx_word' id='word_1_387' title='bbox 834 2454 878 2478; x_wconf 74' lang='lat' dir='ltr'>vel</span> <span class='ocrx_word' id='word_1_388' title='bbox 889 2455 1038 2486; x_wconf 86' lang='lat' dir='ltr'>separatim</span> <span class='ocrx_word' id='word_1_389' title='bbox 1048 2463 1126 2487; x_wconf 85' lang='lat' dir='ltr'>spec-</span> 
     </span>
     <span class='ocr_line' id='line_1_54' title="bbox 205 2496 1124 2530; baseline 0.001 -8"><span class='ocrx_word' id='word_1_390' title='bbox 205 2498 329 2522; x_wconf 78' lang='lat' dir='ltr'>tantibus</span> <span class='ocrx_word' id='word_1_391' title='bbox 345 2496 413 2520; x_wconf 91' lang='lat' dir='ltr'>nulli</span> <span class='ocrx_word' id='word_1_392' title='bbox 431 2496 525 2520; x_wconf 73' lang='lat' dir='ltr'>valeat</span> <span class='ocrx_word' id='word_1_393' title='bbox 541 2497 682 2527; x_wconf 68' lang='lat' dir='ltr'>provideri</span> <span class='ocrx_word' id='word_1_394' title='bbox 699 2506 749 2529; x_wconf 87' lang='lat' dir='ltr'>per</span> <span class='ocrx_word' id='word_1_395' title='bbox 763 2498 872 2523; x_wconf 79' lang='lat' dir='ltr'>litteras</span> <span class='ocrx_word' id='word_1_396' title='bbox 884 2499 1054 2530; x_wconf 85' lang='lat' dir='ltr'>apostolicas</span> <span class='ocrx_word' id='word_1_397' title='bbox 1067 2508 1124 2523; x_wconf 86' lang='lat' dir='ltr'>nou</span> 
     </span>
     <span class='ocr_line' id='line_1_55' title="bbox 207 2540 1126 2572; baseline 0.001 -6"><span class='ocrx_word' id='word_1_398' title='bbox 207 2543 343 2566; x_wconf 68' lang='lat' dir='ltr'>facientes</span> <span class='ocrx_word' id='word_1_399' title='bbox 366 2540 477 2572; x_wconf 86' lang='lat' dir='ltr'>plenam</span> <span class='ocrx_word' id='word_1_400' title='bbox 503 2543 529 2563; x_wconf 82' lang='lat' dir='ltr'>et</span> <span class='ocrx_word' id='word_1_401' title='bbox 547 2548 706 2572; x_wconf 75' lang='lat' dir='ltr'>expressam</span> <span class='ocrx_word' id='word_1_402' title='bbox 726 2548 756 2565; x_wconf 89' lang='lat' dir='ltr'>ac</span> <span class='ocrx_word' id='word_1_403' title='bbox 783 2541 816 2566; x_wconf 91' lang='lat' dir='ltr'>de</span> <span class='ocrx_word' id='word_1_404' title='bbox 840 2543 927 2566; x_wconf 81' lang='lat' dir='ltr'>verbo</span> <span class='ocrx_word' id='word_1_405' title='bbox 954 2543 985 2566; x_wconf 86' lang='lat' dir='ltr'>ad</span> <span class='ocrx_word' id='word_1_406' title='bbox 1010 2543 1126 2568; x_wconf 84' lang='lat' dir='ltr'>verbum</span> 
     </span>
     <span class='ocr_line' id='line_1_56' title="bbox 203 2583 1122 2618; baseline -0.003 -9"><span class='ocrx_word' id='word_1_407' title='bbox 203 2585 236 2609; x_wconf 90' lang='lat' dir='ltr'>de</span> <span class='ocrx_word' id='word_1_408' title='bbox 259 2585 367 2609; x_wconf 88' lang='lat' dir='ltr'>indulto</span> <span class='ocrx_word' id='word_1_409' title='bbox 394 2583 554 2608; x_wconf 84' lang='lat' dir='ltr'>huiusmodi</span> <span class='ocrx_word' id='word_1_410' title='bbox 577 2584 748 2609; x_wconf 85' lang='lat' dir='ltr'>mentionem</span> <span class='ocrx_word' id='word_1_411' title='bbox 777 2588 804 2610; x_wconf 88' lang='lat' dir='ltr'>et</span> <span class='ocrx_word' id='word_1_412' title='bbox 828 2587 952 2618; x_wconf 77' lang='lat' dir='ltr'>qualibet</span> <span class='ocrx_word' id='word_1_413' title='bbox 973 2587 1028 2611; x_wconf 71' lang='lat' dir='ltr'>alia</span> <span class='ocrx_word' id='word_1_414' title='bbox 1048 2587 1122 2612; x_wconf 50' lang='lat' dir='ltr'>dicte</span> 
     </span>
     <span class='ocr_line' id='line_1_57' title="bbox 203 2627 1122 2663; baseline 0.002 -9"><span class='ocrx_word' id='word_1_415' title='bbox 203 2629 276 2654; x_wconf 85' lang='lat' dir='ltr'>sedis</span> <span class='ocrx_word' id='word_1_416' title='bbox 292 2627 469 2661; x_wconf 81' lang='lat' dir='ltr'>indulgentia</span> <span class='ocrx_word' id='word_1_417' title='bbox 485 2627 612 2661; x_wconf 80' lang='lat' dir='ltr'>generali</span> <span class='ocrx_word' id='word_1_418' title='bbox 626 2628 671 2652; x_wconf 88' lang='lat' dir='ltr'>vcl</span> <span class='ocrx_word' id='word_1_419' title='bbox 687 2629 801 2661; x_wconf 84' lang='lat' dir='ltr'>speciali</span> <span class='ocrx_word' id='word_1_420' title='bbox 818 2628 1022 2663; x_wconf 83' lang='lat' dir='ltr'>cuiuscumque.</span> <span class='ocrx_word' id='word_1_421' title='bbox 1040 2634 1122 2656; x_wconf 87' lang='lat' dir='ltr'>teno-</span> 
     </span>
    </p>
   </div>
   <div class='ocr_carea' id='block_1_5' title="bbox 1187 287 2122 2663">
    <p class='ocr_par' dir='ltr' id='par_1_5' title="bbox 1187 287 2122 2663">
     <span class='ocr_line' id='line_1_58' title="bbox 1187 287 2114 321; baseline -0.001 -8"><span class='ocrx_word' id='word_1_422' title='bbox 1187 287 1226 312; x_wconf 84' lang='lat' dir='ltr'>ris</span> <span class='ocrx_word' id='word_1_423' title='bbox 1242 288 1344 313; x_wconf 87' lang='lat' dir='ltr'>existat</span> <span class='ocrx_word' id='word_1_424' title='bbox 1359 296 1410 321; x_wconf 88' lang='lat' dir='ltr'>per</span> <span class='ocrx_word' id='word_1_425' title='bbox 1425 295 1507 321; x_wconf 89' lang='lat' dir='ltr'>quam</span> <span class='ocrx_word' id='word_1_426' title='bbox 1525 287 1706 321; x_wconf 85' lang='lat' dir='ltr'>presentibus</span> <span class='ocrx_word' id='word_1_427' title='bbox 1723 296 1782 312; x_wconf 92' lang='lat' dir='ltr'>non</span> <span class='ocrx_word' id='word_1_428' title='bbox 1800 295 1962 321; x_wconf 86' lang='lat' dir='ltr'>expressam</span> <span class='ocrx_word' id='word_1_429' title='bbox 1980 287 2024 312; x_wconf 76' lang='lat' dir='ltr'>vel</span> <span class='ocrx_word' id='word_1_430' title='bbox 2041 290 2114 313; x_wconf 90' lang='lat' dir='ltr'>tota-</span> 
     </span>
     <span class='ocr_line' id='line_1_59' title="bbox 1188 331 2117 365; baseline 0 -9"><span class='ocrx_word' id='word_1_431' title='bbox 1188 331 1255 356; x_wconf 84' lang='lat' dir='ltr'>liter</span> <span class='ocrx_word' id='word_1_432' title='bbox 1269 339 1328 357; x_wconf 90' lang='lat' dir='ltr'>non</span> <span class='ocrx_word' id='word_1_433' title='bbox 1341 333 1480 357; x_wconf 86' lang='lat' dir='ltr'>insertam</span> <span class='ocrx_word' id='word_1_434' title='bbox 1495 332 1617 357; x_wconf 77' lang='lat' dir='ltr'>effectus</span> <span class='ocrx_word' id='word_1_435' title='bbox 1633 338 1729 356; x_wconf 89' lang='lat' dir='ltr'>earum</span> <span class='ocrx_word' id='word_1_436' title='bbox 1745 331 1874 365; x_wconf 90' lang='lat' dir='ltr'>impediri</span> <span class='ocrx_word' id='word_1_437' title='bbox 1891 332 1983 357; x_wconf 85' lang='lat' dir='ltr'>valeat</span> <span class='ocrx_word' id='word_1_438' title='bbox 1997 339 2117 364; x_wconf 86' lang='lat' dir='ltr'>quomo-</span> 
     </span>
     <span class='ocr_line' id='line_1_60' title="bbox 1188 375 2116 408; baseline 0.001 -8"><span class='ocrx_word' id='word_1_439' title='bbox 1188 376 1296 401; x_wconf 89' lang='lat' dir='ltr'>dolibet</span> <span class='ocrx_word' id='word_1_440' title='bbox 1316 377 1360 401; x_wconf 89' lang='lat' dir='ltr'>vel</span> <span class='ocrx_word' id='word_1_441' title='bbox 1385 376 1494 402; x_wconf 81' lang='lat' dir='ltr'>ditl&#39;erri</span> <span class='ocrx_word' id='word_1_442' title='bbox 1516 379 1545 401; x_wconf 92' lang='lat' dir='ltr'>et</span> <span class='ocrx_word' id='word_1_443' title='bbox 1568 376 1602 401; x_wconf 88' lang='lat' dir='ltr'>de</span> <span class='ocrx_word' id='word_1_444' title='bbox 1624 383 1680 408; x_wconf 86' lang='lat' dir='ltr'>qua</span> <span class='ocrx_word' id='word_1_445' title='bbox 1700 376 1837 408; x_wconf 87' lang='lat' dir='ltr'>cuiusque</span> <span class='ocrx_word' id='word_1_446' title='bbox 1858 379 1918 402; x_wconf 86' lang='lat' dir='ltr'>toto</span> <span class='ocrx_word' id='word_1_447' title='bbox 1943 380 2043 401; x_wconf 83' lang='lat' dir='ltr'>tenore</span> <span class='ocrx_word' id='word_1_448' title='bbox 2064 375 2116 401; x_wconf 90' lang='lat' dir='ltr'>ha-</span> 
     </span>
     <span class='ocr_line' id='line_1_61' title="bbox 1188 419 2117 453; baseline -0.001 -8"><span class='ocrx_word' id='word_1_449' title='bbox 1188 420 1281 445; x_wconf 82' lang='lat' dir='ltr'>benda</span> <span class='ocrx_word' id='word_1_450' title='bbox 1298 421 1336 445; x_wconf 87' lang='lat' dir='ltr'>sit</span> <span class='ocrx_word' id='word_1_451' title='bbox 1356 422 1385 446; x_wconf 92' lang='lat' dir='ltr'>in</span> <span class='ocrx_word' id='word_1_452' title='bbox 1405 420 1511 446; x_wconf 86' lang='lat' dir='ltr'>nostris</span> <span class='ocrx_word' id='word_1_453' title='bbox 1528 419 1632 445; x_wconf 85' lang='lat' dir='ltr'>litteris</span> <span class='ocrx_word' id='word_1_454' title='bbox 1650 421 1758 444; x_wconf 89' lang='lat' dir='ltr'>mentio</span> <span class='ocrx_word' id='word_1_455' title='bbox 1779 421 1927 453; x_wconf 77' lang='lat' dir='ltr'>specialis,</span> <span class='ocrx_word' id='word_1_456' title='bbox 1947 424 1997 446; x_wconf 87' lang='lat' dir='ltr'>aut</span> <span class='ocrx_word' id='word_1_457' title='bbox 2012 420 2035 445; x_wconf 84' lang='lat' dir='ltr'>si</span> <span class='ocrx_word' id='word_1_458' title='bbox 2052 427 2117 453; x_wconf 84' lang='lat' dir='ltr'>per—</span> 
     </span>
     <span class='ocr_line' id='line_1_62' title="bbox 1189 463 2114 498; baseline 0 -9"><span class='ocrx_word' id='word_1_459' title='bbox 1189 472 1259 489; x_wconf 89' lang='lat' dir='ltr'>sone</span> <span class='ocrx_word' id='word_1_460' title='bbox 1282 465 1409 497; x_wconf 85' lang='lat' dir='ltr'>predicte</span> <span class='ocrx_word' id='word_1_461' title='bbox 1431 467 1579 498; x_wconf 84' lang='lat' dir='ltr'>presentes</span> <span class='ocrx_word' id='word_1_462' title='bbox 1599 472 1658 488; x_wconf 90' lang='lat' dir='ltr'>non</span> <span class='ocrx_word' id='word_1_463' title='bbox 1682 464 1789 489; x_wconf 75' lang='lat' dir='ltr'>fuerint</span> <span class='ocrx_word' id='word_1_464' title='bbox 1816 463 1851 489; x_wconf 86' lang='lat' dir='ltr'>ad</span> <span class='ocrx_word' id='word_1_465' title='bbox 1869 464 2054 497; x_wconf 86' lang='lat' dir='ltr'>prestandum</span> <span class='ocrx_word' id='word_1_466' title='bbox 2079 463 2114 489; x_wconf 85' lang='lat' dir='ltr'>de</span> 
     </span>
     <span class='ocr_line' id='line_1_63' title="bbox 1190 508 2115 534; baseline -0.001 -1"><span class='ocrx_word' id='word_1_467' title='bbox 1190 509 1372 534; x_wconf 85' lang='lat' dir='ltr'>observandis</span> <span class='ocrx_word' id='word_1_468' title='bbox 1397 509 1512 534; x_wconf 89' lang='lat' dir='ltr'>statutis</span> <span class='ocrx_word' id='word_1_469' title='bbox 1543 512 1571 533; x_wconf 90' lang='lat' dir='ltr'>et</span> <span class='ocrx_word' id='word_1_470' title='bbox 1594 508 1850 533; x_wconf 85' lang='lat' dir='ltr'>consuetudinibus</span> <span class='ocrx_word' id='word_1_471' title='bbox 1877 508 2064 534; x_wconf 88' lang='lat' dir='ltr'>ecclesiarum</span> <span class='ocrx_word' id='word_1_472' title='bbox 2085 508 2115 532; x_wconf 90' lang='lat' dir='ltr'>in</span> 
     </span>
     <span class='ocr_line' id='line_1_64' title="bbox 1190 552 2117 585; baseline 0.001 -9"><span class='ocrx_word' id='word_1_473' title='bbox 1190 553 1290 585; x_wconf 87' lang='lat' dir='ltr'>quibus</span> <span class='ocrx_word' id='word_1_474' title='bbox 1306 553 1467 579; x_wconf 88' lang='lat' dir='ltr'>huiusmodi</span> <span class='ocrx_word' id='word_1_475' title='bbox 1482 552 1621 578; x_wconf 86' lang='lat' dir='ltr'>beneficia</span> <span class='ocrx_word' id='word_1_476' title='bbox 1639 553 1748 577; x_wconf 85' lang='lat' dir='ltr'>suerint</span> <span class='ocrx_word' id='word_1_477' title='bbox 1765 554 1798 576; x_wconf 87' lang='lat' dir='ltr'>ut</span> <span class='ocrx_word' id='word_1_478' title='bbox 1816 552 1960 585; x_wconf 77' lang='lat' dir='ltr'>prefertur</span> <span class='ocrx_word' id='word_1_479' title='bbox 1974 552 2058 577; x_wconf 84' lang='lat' dir='ltr'>solita</span> <span class='ocrx_word' id='word_1_480' title='bbox 2074 552 2117 577; x_wconf 90' lang='lat' dir='ltr'>iu-</span> 
     </span>
     <span class='ocr_line' id='line_1_65' title="bbox 1189 596 2116 629; baseline -0.002 -7"><span class='ocrx_word' id='word_1_481' title='bbox 1189 600 1320 622; x_wconf 85' lang='lat' dir='ltr'>ramenta</span> <span class='ocrx_word' id='word_1_482' title='bbox 1337 597 1488 623; x_wconf 88' lang='lat' dir='ltr'>dummodo</span> <span class='ocrx_word' id='word_1_483' title='bbox 1505 597 1533 622; x_wconf 91' lang='lat' dir='ltr'>iu</span> <span class='ocrx_word' id='word_1_484' title='bbox 1548 598 1677 622; x_wconf 89' lang='lat' dir='ltr'>absentia</span> <span class='ocrx_word' id='word_1_485' title='bbox 1696 604 1747 621; x_wconf 87' lang='lat' dir='ltr'>sua</span> <span class='ocrx_word' id='word_1_486' title='bbox 1765 604 1816 629; x_wconf 88' lang='lat' dir='ltr'>per</span> <span class='ocrx_word' id='word_1_487' title='bbox 1829 598 2029 628; x_wconf 84' lang='lat' dir='ltr'>procuratores</span> <span class='ocrx_word' id='word_1_488' title='bbox 2045 596 2116 629; x_wconf 78' lang='lat' dir='ltr'>ydo-</span> 
     </span>
     <span class='ocr_line' id='line_1_66' title="bbox 1190 640 2117 674; baseline -0.002 -7"><span class='ocrx_word' id='word_1_489' title='bbox 1190 650 1259 667; x_wconf 87' lang='lat' dir='ltr'>neos</span> <span class='ocrx_word' id='word_1_490' title='bbox 1279 645 1307 667; x_wconf 90' lang='lat' dir='ltr'>et</span> <span class='ocrx_word' id='word_1_491' title='bbox 1327 650 1392 667; x_wconf 90' lang='lat' dir='ltr'>cum</span> <span class='ocrx_word' id='word_1_492' title='bbox 1414 643 1448 667; x_wconf 88' lang='lat' dir='ltr'>ad</span> <span class='ocrx_word' id='word_1_493' title='bbox 1473 642 1608 667; x_wconf 78' lang='lat' dir='ltr'>ecclesias</span> <span class='ocrx_word' id='word_1_494' title='bbox 1633 641 1710 674; x_wconf 84' lang='lat' dir='ltr'>ipsas</span> <span class='ocrx_word' id='word_1_495' title='bbox 1735 641 1908 665; x_wconf 80' lang='lat' dir='ltr'>accesserint</span> <span class='ocrx_word' id='word_1_496' title='bbox 1931 640 2117 673; x_wconf 84' lang='lat' dir='ltr'>corporaliter</span> 
     </span>
     <span class='ocr_line' id='line_1_67' title="bbox 1191 684 2117 719; baseline -0.001 -9"><span class='ocrx_word' id='word_1_497' title='bbox 1191 687 1239 710; x_wconf 88' lang='lat' dir='ltr'>illa</span> <span class='ocrx_word' id='word_1_498' title='bbox 1258 689 1397 719; x_wconf 84' lang='lat' dir='ltr'>prestent.</span> <span class='ocrx_word' id='word_1_499' title='bbox 1423 686 1561 711; x_wconf 85' lang='lat' dir='ltr'>Preterea</span> <span class='ocrx_word' id='word_1_500' title='bbox 1580 686 1710 719; x_wconf 88' lang='lat' dir='ltr'>personis</span> <span class='ocrx_word' id='word_1_501' title='bbox 1726 685 1868 718; x_wconf 86' lang='lat' dir='ltr'>predictis-</span> <span class='ocrx_word' id='word_1_502' title='bbox 1879 693 1931 717; x_wconf 90' lang='lat' dir='ltr'>pro</span> <span class='ocrx_word' id='word_1_503' title='bbox 1946 685 2050 717; x_wconf 78' lang='lat' dir='ltr'>quihus</span> <span class='ocrx_word' id='word_1_504' title='bbox 2063 684 2117 709; x_wconf 85' lang='lat' dir='ltr'>hu-</span> 
     </span>
     <span class='ocr_line' id='line_1_68' title="bbox 1190 728 2114 763; baseline -0.002 -8"><span class='ocrx_word' id='word_1_505' title='bbox 1190 731 1311 755; x_wconf 89' lang='lat' dir='ltr'>iusmodi</span> <span class='ocrx_word' id='word_1_506' title='bbox 1328 730 1478 763; x_wconf 83' lang='lat' dir='ltr'>primarias</span> <span class='ocrx_word' id='word_1_507' title='bbox 1501 737 1601 763; x_wconf 88' lang='lat' dir='ltr'>preces</span> <span class='ocrx_word' id='word_1_508' title='bbox 1616 729 1728 763; x_wconf 78' lang='lat' dir='ltr'>porrigi</span> <span class='ocrx_word' id='word_1_509' title='bbox 1747 729 1807 754; x_wconf 85' lang='lat' dir='ltr'>sive</span> <span class='ocrx_word' id='word_1_510' title='bbox 1822 729 2033 754; x_wconf 84' lang='lat' dir='ltr'>nominationes</span> <span class='ocrx_word' id='word_1_511' title='bbox 2051 728 2114 754; x_wconf 84' lang='lat' dir='ltr'>fieri</span> 
     </span>
     <span class='ocr_line' id='line_1_69' title="bbox 1192 773 2117 809; baseline -0.002 -10"><span class='ocrx_word' id='word_1_512' title='bbox 1192 776 1348 809; x_wconf 82' lang='lat' dir='ltr'>contigerit</span> <span class='ocrx_word' id='word_1_513' title='bbox 1371 775 1446 807; x_wconf 89' lang='lat' dir='ltr'>qnod</span> <span class='ocrx_word' id='word_1_514' title='bbox 1471 775 1530 807; x_wconf 89' lang='lat' dir='ltr'>ipsc</span> <span class='ocrx_word' id='word_1_515' title='bbox 1555 774 1739 807; x_wconf 79' lang='lat' dir='ltr'>expectativis</span> <span class='ocrx_word' id='word_1_516' title='bbox 1765 782 1796 798; x_wconf 90' lang='lat' dir='ltr'>ac</span> <span class='ocrx_word' id='word_1_517' title='bbox 1818 773 2046 798; x_wconf 87' lang='lat' dir='ltr'>nominationum</span> <span class='ocrx_word' id='word_1_518' title='bbox 2063 780 2117 798; x_wconf 83' lang='lat' dir='ltr'>nec</span> 
     </span>
     <span class='ocr_line' id='line_1_70' title="bbox 1189 816 2116 852; baseline -0.003 -8"><span class='ocrx_word' id='word_1_519' title='bbox 1189 827 1247 844; x_wconf 90' lang='lat' dir='ltr'>non</span> <span class='ocrx_word' id='word_1_520' title='bbox 1262 819 1429 852; x_wconf 83' lang='lat' dir='ltr'>specialium</span> <span class='ocrx_word' id='word_1_521' title='bbox 1444 819 1672 844; x_wconf 86' lang='lat' dir='ltr'>reservationum</span> <span class='ocrx_word' id='word_1_522' title='bbox 1691 818 1724 843; x_wconf 88' lang='lat' dir='ltr'>de</span> <span class='ocrx_word' id='word_1_523' title='bbox 1743 818 1887 850; x_wconf 84' lang='lat' dir='ltr'>quibusvis</span> <span class='ocrx_word' id='word_1_524' title='bbox 1902 816 2046 842; x_wconf 82' lang='lat' dir='ltr'>beneflciis</span> <span class='ocrx_word' id='word_1_525' title='bbox 2063 824 2116 850; x_wconf 88' lang='lat' dir='ltr'>pro</span> 
     </span>
     <span class='ocr_line' id='line_1_71' title="bbox 1191 860 2117 897; baseline -0.002 -9"><span class='ocrx_word' id='word_1_526' title='bbox 1191 863 1231 888; x_wconf 87' lang='lat' dir='ltr'>eis</span> <span class='ocrx_word' id='word_1_527' title='bbox 1252 864 1389 889; x_wconf 74' lang='lat' dir='ltr'>factarum</span> <span class='ocrx_word' id='word_1_528' title='bbox 1411 864 1511 897; x_wconf 80' lang='lat' dir='ltr'>gratiis</span> <span class='ocrx_word' id='word_1_529' title='bbox 1534 866 1563 888; x_wconf 89' lang='lat' dir='ltr'>et</span> <span class='ocrx_word' id='word_1_530' title='bbox 1579 863 1716 888; x_wconf 89' lang='lat' dir='ltr'>mandatis</span> <span class='ocrx_word' id='word_1_531' title='bbox 1742 863 1776 888; x_wconf 90' lang='lat' dir='ltr'>de</span> <span class='ocrx_word' id='word_1_532' title='bbox 1797 862 1974 896; x_wconf 77' lang='lat' dir='ltr'>providendo</span> <span class='ocrx_word' id='word_1_533' title='bbox 1994 861 2064 895; x_wconf 83' lang='lat' dir='ltr'>ipsis</span> <span class='ocrx_word' id='word_1_534' title='bbox 2081 860 2117 887; x_wconf 80' lang='lat' dir='ltr'>de</span> 
     </span>
     <span class='ocr_line' id='line_1_72' title="bbox 1190 906 2116 941; baseline 0 -9"><span class='ocrx_word' id='word_1_535' title='bbox 1190 908 1297 933; x_wconf 86' lang='lat' dir='ltr'>eisdem</span> <span class='ocrx_word' id='word_1_536' title='bbox 1316 909 1338 933; x_wconf 89' lang='lat' dir='ltr'>si</span> <span class='ocrx_word' id='word_1_537' title='bbox 1358 916 1412 941; x_wconf 89' lang='lat' dir='ltr'>qua</span> <span class='ocrx_word' id='word_1_538' title='bbox 1427 908 1495 941; x_wconf 82' lang='lat' dir='ltr'>ipsis</span> <span class='ocrx_word' id='word_1_539' title='bbox 1516 915 1650 932; x_wconf 84' lang='lat' dir='ltr'>concessa</span> <span class='ocrx_word' id='word_1_540' title='bbox 1667 906 1788 940; x_wconf 81' lang='lat' dir='ltr'>fuerint,</span> <span class='ocrx_word' id='word_1_541' title='bbox 1807 915 1932 932; x_wconf 90' lang='lat' dir='ltr'>unacum</span> <span class='ocrx_word' id='word_1_542' title='bbox 1946 907 2039 941; x_wconf 79' lang='lat' dir='ltr'>gratia</span> <span class='ocrx_word' id='word_1_543' title='bbox 2050 913 2116 940; x_wconf 83' lang='lat' dir='ltr'>pre-</span> 
     </span>
     <span class='ocr_line' id='line_1_73' title="bbox 1191 951 2120 985; baseline -0.001 -8"><span class='ocrx_word' id='word_1_544' title='bbox 1191 961 1255 977; x_wconf 90' lang='lat' dir='ltr'>cum</span> <span class='ocrx_word' id='word_1_545' title='bbox 1280 956 1307 977; x_wconf 87' lang='lat' dir='ltr'>et</span> <span class='ocrx_word' id='word_1_546' title='bbox 1330 953 1557 978; x_wconf 87' lang='lat' dir='ltr'>nominationum</span> <span class='ocrx_word' id='word_1_547' title='bbox 1582 951 1782 985; x_wconf 86' lang='lat' dir='ltr'>primariarum</span> <span class='ocrx_word' id='word_1_548' title='bbox 1802 951 1964 977; x_wconf 90' lang='lat' dir='ltr'>earumdem</span> <span class='ocrx_word' id='word_1_549' title='bbox 1985 951 2026 976; x_wconf 86' lang='lat' dir='ltr'>uti</span> <span class='ocrx_word' id='word_1_550' title='bbox 2050 957 2120 984; x_wconf 80' lang='lat' dir='ltr'>pos-</span> 
     </span>
     <span class='ocr_line' id='line_1_74' title="bbox 1191 994 2118 1030; baseline -0.002 -9"><span class='ocrx_word' id='word_1_551' title='bbox 1191 997 1262 1027; x_wconf 86' lang='lat' dir='ltr'>sint,</span> <span class='ocrx_word' id='word_1_552' title='bbox 1283 1005 1336 1021; x_wconf 87' lang='lat' dir='ltr'>nec</span> <span class='ocrx_word' id='word_1_553' title='bbox 1355 997 1448 1029; x_wconf 86' lang='lat' dir='ltr'>aliqua</span> <span class='ocrx_word' id='word_1_554' title='bbox 1464 997 1621 1030; x_wconf 82' lang='lat' dir='ltr'>gratiarum</span> <span class='ocrx_word' id='word_1_555' title='bbox 1637 996 1801 1024; x_wconf 80' lang='lat' dir='ltr'>huiusmodi</span> <span class='ocrx_word' id='word_1_556' title='bbox 1825 998 1995 1028; x_wconf 83' lang='lat' dir='ltr'>consumpta</span> <span class='ocrx_word' id='word_1_557' title='bbox 2007 994 2118 1030; x_wconf 80' lang='lat' dir='ltr'>relique</span> 
     </span>
     <span class='ocr_line' id='line_1_75' title="bbox 1191 1040 2120 1066; baseline -0.002 0"><span class='ocrx_word' id='word_1_558' title='bbox 1191 1042 1352 1066; x_wconf 86' lang='lat' dir='ltr'>earumdem</span> <span class='ocrx_word' id='word_1_559' title='bbox 1368 1049 1446 1066; x_wconf 87' lang='lat' dir='ltr'>casse</span> <span class='ocrx_word' id='word_1_560' title='bbox 1464 1044 1638 1066; x_wconf 85' lang='lat' dir='ltr'>censeantur</span> <span class='ocrx_word' id='word_1_561' title='bbox 1660 1043 1688 1066; x_wconf 91' lang='lat' dir='ltr'>et</span> <span class='ocrx_word' id='word_1_562' title='bbox 1706 1041 1784 1066; x_wconf 89' lang='lat' dir='ltr'>irrite</span> <span class='ocrx_word' id='word_1_563' title='bbox 1799 1040 2006 1065; x_wconf 82' lang='lat' dir='ltr'>constitutione</span> <span class='ocrx_word' id='word_1_564' title='bbox 2019 1042 2120 1065; x_wconf 79' lang='lat' dir='ltr'>nostra</span> 
     </span>
     <span class='ocr_line' id='line_1_76' title="bbox 1192 1083 2120 1119; baseline -0.001 -9"><span class='ocrx_word' id='word_1_565' title='bbox 1192 1085 1221 1110; x_wconf 89' lang='lat' dir='ltr'>in</span> <span class='ocrx_word' id='word_1_566' title='bbox 1239 1087 1413 1110; x_wconf 87' lang='lat' dir='ltr'>contrarium</span> <span class='ocrx_word' id='word_1_567' title='bbox 1429 1086 1505 1110; x_wconf 85' lang='lat' dir='ltr'>edita</span> <span class='ocrx_word' id='word_1_568' title='bbox 1525 1088 1553 1110; x_wconf 89' lang='lat' dir='ltr'>et</span> <span class='ocrx_word' id='word_1_569' title='bbox 1567 1084 1612 1110; x_wconf 87' lang='lat' dir='ltr'>cui</span> <span class='ocrx_word' id='word_1_570' title='bbox 1637 1093 1669 1110; x_wconf 90' lang='lat' dir='ltr'>ac</span> <span class='ocrx_word' id='word_1_571' title='bbox 1691 1085 1721 1110; x_wconf 88' lang='lat' dir='ltr'>in</span> <span class='ocrx_word' id='word_1_572' title='bbox 1738 1092 1771 1110; x_wconf 83' lang='lat' dir='ltr'>ea</span> <span class='ocrx_word' id='word_1_573' title='bbox 1790 1092 1922 1118; x_wconf 84' lang='lat' dir='ltr'>expresse</span> <span class='ocrx_word' id='word_1_574' title='bbox 1939 1083 2120 1119; x_wconf 80' lang='lat' dir='ltr'>derogationi</span> 
     </span>
     <span class='ocr_line' id='line_1_77' title="bbox 1190 1130 2121 1163; baseline -0.001 -9"><span class='ocrx_word' id='word_1_575' title='bbox 1190 1131 1367 1162; x_wconf 85' lang='lat' dir='ltr'>presentium</span> <span class='ocrx_word' id='word_1_576' title='bbox 1384 1131 1456 1154; x_wconf 85' lang='lat' dir='ltr'>serie</span> <span class='ocrx_word' id='word_1_577' title='bbox 1470 1137 1503 1154; x_wconf 88' lang='lat' dir='ltr'>ex</span> <span class='ocrx_word' id='word_1_578' title='bbox 1518 1132 1596 1154; x_wconf 88' lang='lat' dir='ltr'>certa</span> <span class='ocrx_word' id='word_1_579' title='bbox 1611 1130 1730 1154; x_wconf 86' lang='lat' dir='ltr'>scientia</span> <span class='ocrx_word' id='word_1_580' title='bbox 1743 1130 1924 1163; x_wconf 81' lang='lat' dir='ltr'>derogamus,</span> <span class='ocrx_word' id='word_1_581' title='bbox 1937 1135 2121 1161; x_wconf 84' lang='lat' dir='ltr'>nequaqnam</span> 
     </span>
     <span class='ocr_line' id='line_1_78' title="bbox 1192 1173 2120 1206; baseline -0.001 -8"><span class='ocrx_word' id='word_1_582' title='bbox 1192 1175 1324 1199; x_wconf 84' lang='lat' dir='ltr'>obstante</span> <span class='ocrx_word' id='word_1_583' title='bbox 1349 1174 1517 1198; x_wconf 85' lang='lat' dir='ltr'>auctoritate</span> <span class='ocrx_word' id='word_1_584' title='bbox 1540 1173 1869 1205; x_wconf 86' lang='lat' dir='ltr'>predicta-concedimus</span> <span class='ocrx_word' id='word_1_585' title='bbox 1890 1181 1943 1206; x_wconf 85' lang='lat' dir='ltr'>per</span> <span class='ocrx_word' id='word_1_586' title='bbox 1958 1175 2120 1206; x_wconf 87' lang='lat' dir='ltr'>presentes.</span> 
     </span>
     <span class='ocr_line' id='line_1_79' title="bbox 1191 1217 2121 1251; baseline -0.002 -7"><span class='ocrx_word' id='word_1_587' title='bbox 1191 1218 1332 1244; x_wconf 88' lang='lat' dir='ltr'>Volumus</span> <span class='ocrx_word' id='word_1_588' title='bbox 1347 1221 1441 1243; x_wconf 83' lang='lat' dir='ltr'>autem</span> <span class='ocrx_word' id='word_1_589' title='bbox 1456 1218 1528 1250; x_wconf 88' lang='lat' dir='ltr'>quod</span> <span class='ocrx_word' id='word_1_590' title='bbox 1545 1221 1711 1243; x_wconf 83' lang='lat' dir='ltr'>executores</span> <span class='ocrx_word' id='word_1_591' title='bbox 1724 1217 1844 1251; x_wconf 88' lang='lat' dir='ltr'>predicti</span> <span class='ocrx_word' id='word_1_592' title='bbox 1861 1217 1894 1243; x_wconf 88' lang='lat' dir='ltr'>de</span> <span class='ocrx_word' id='word_1_593' title='bbox 1913 1217 2075 1242; x_wconf 86' lang='lat' dir='ltr'>nominibus</span> <span class='ocrx_word' id='word_1_594' title='bbox 2091 1219 2121 1242; x_wconf 82' lang='lat' dir='ltr'>et</span> 
     </span>
     <span class='ocr_line' id='line_1_80' title="bbox 1191 1261 2120 1296; baseline -0.001 -9"><span class='ocrx_word' id='word_1_595' title='bbox 1191 1262 1409 1296; x_wconf 76' lang='lat' dir='ltr'>cognominibus</span> <span class='ocrx_word' id='word_1_596' title='bbox 1431 1270 1621 1296; x_wconf 84' lang='lat' dir='ltr'>personarum</span> <span class='ocrx_word' id='word_1_597' title='bbox 1638 1262 1740 1294; x_wconf 84' lang='lat' dir='ltr'>quibus</span> <span class='ocrx_word' id='word_1_598' title='bbox 1759 1262 1832 1287; x_wconf 86' lang='lat' dir='ltr'>dicta</span> <span class='ocrx_word' id='word_1_599' title='bbox 1849 1261 1988 1286; x_wconf 86' lang='lat' dir='ltr'>beneficia</span> <span class='ocrx_word' id='word_1_600' title='bbox 2001 1268 2055 1295; x_wconf 83' lang='lat' dir='ltr'>per</span> <span class='ocrx_word' id='word_1_601' title='bbox 2070 1268 2120 1286; x_wconf 80' lang='lat' dir='ltr'>eos</span> 
     </span>
     <span class='ocr_line' id='line_1_81' title="bbox 1191 1304 2120 1341; baseline -0.002 -9"><span class='ocrx_word' id='word_1_602' title='bbox 1191 1308 1315 1332; x_wconf 88' lang='lat' dir='ltr'>conferri</span> <span class='ocrx_word' id='word_1_603' title='bbox 1343 1307 1501 1341; x_wconf 74' lang='lat' dir='ltr'>contigerit</span> <span class='ocrx_word' id='word_1_604' title='bbox 1524 1314 1555 1331; x_wconf 89' lang='lat' dir='ltr'>ac</span> <span class='ocrx_word' id='word_1_605' title='bbox 1576 1306 1610 1331; x_wconf 90' lang='lat' dir='ltr'>de</span> <span class='ocrx_word' id='word_1_606' title='bbox 1633 1306 1733 1331; x_wconf 86' lang='lat' dir='ltr'>diebus</span> <span class='ocrx_word' id='word_1_607' title='bbox 1758 1305 1943 1331; x_wconf 85' lang='lat' dir='ltr'>collationum</span> <span class='ocrx_word' id='word_1_608' title='bbox 1956 1304 2120 1331; x_wconf 80' lang='lat' dir='ltr'>huiusmodi</span> 
     </span>
     <span class='ocr_line' id='line_1_82' title="bbox 1191 1349 2120 1386; baseline -0.002 -10"><span class='ocrx_word' id='word_1_609' title='bbox 1191 1355 1292 1386; x_wconf 80' lang='lat' dir='ltr'>gentes</span> <span class='ocrx_word' id='word_1_610' title='bbox 1314 1359 1425 1377; x_wconf 83' lang='lat' dir='ltr'>camere</span> <span class='ocrx_word' id='word_1_611' title='bbox 1443 1349 1597 1384; x_wconf 86' lang='lat' dir='ltr'>apostolice</span> <span class='ocrx_word' id='word_1_612' title='bbox 1613 1354 1662 1376; x_wconf 88' lang='lat' dir='ltr'>aut</span> <span class='ocrx_word' id='word_1_613' title='bbox 1679 1351 1845 1376; x_wconf 89' lang='lat' dir='ltr'>collectores</span> <span class='ocrx_word' id='word_1_614' title='bbox 1867 1357 1917 1375; x_wconf 85' lang='lat' dir='ltr'>seu</span> <span class='ocrx_word' id='word_1_615' title='bbox 1932 1349 2120 1375; x_wconf 86' lang='lat' dir='ltr'>succollecto-</span> 
     </span>
     <span class='ocr_line' id='line_1_83' title="bbox 1192 1393 2120 1427; baseline -0.001 -7"><span class='ocrx_word' id='word_1_616' title='bbox 1192 1404 1238 1421; x_wconf 87' lang='lat' dir='ltr'>res</span> <span class='ocrx_word' id='word_1_617' title='bbox 1257 1397 1404 1420; x_wconf 81' lang='lat' dir='ltr'>fructuum</span> <span class='ocrx_word' id='word_1_618' title='bbox 1430 1396 1521 1420; x_wconf 89' lang='lat' dir='ltr'>eidem</span> <span class='ocrx_word' id='word_1_619' title='bbox 1545 1403 1655 1420; x_wconf 87' lang='lat' dir='ltr'>camere</span> <span class='ocrx_word' id='word_1_620' title='bbox 1680 1395 1841 1420; x_wconf 85' lang='lat' dir='ltr'>debitorum</span> <span class='ocrx_word' id='word_1_621' title='bbox 1864 1394 1893 1419; x_wconf 84' lang='lat' dir='ltr'>in</span> <span class='ocrx_word' id='word_1_622' title='bbox 1916 1393 2046 1427; x_wconf 73' lang='lat' dir='ltr'>partibus</span> <span class='ocrx_word' id='word_1_623' title='bbox 2062 1394 2120 1419; x_wconf 79' lang='lat' dir='ltr'>illis</span> 
     </span>
     <span class='ocr_line' id='line_1_84' title="bbox 1194 1437 2122 1473; baseline -0.001 -9"><span class='ocrx_word' id='word_1_624' title='bbox 1194 1440 1346 1473; x_wconf 82' lang='lat' dir='ltr'>deputatos</span> <span class='ocrx_word' id='word_1_625' title='bbox 1371 1448 1422 1472; x_wconf 87' lang='lat' dir='ltr'>pro</span> <span class='ocrx_word' id='word_1_626' title='bbox 1445 1442 1574 1472; x_wconf 87' lang='lat' dir='ltr'>tempore</span> <span class='ocrx_word' id='word_1_627' title='bbox 1592 1439 1763 1471; x_wconf 86' lang='lat' dir='ltr'>quantocius</span> <span class='ocrx_word' id='word_1_628' title='bbox 1785 1437 1943 1464; x_wconf 84' lang='lat' dir='ltr'>certificare</span> <span class='ocrx_word' id='word_1_629' title='bbox 1957 1440 2122 1471; x_wconf 87' lang='lat' dir='ltr'>procurent,</span> 
     </span>
     <span class='ocr_line' id='line_1_85' title="bbox 1192 1483 2120 1517; baseline -0.002 -8"><span class='ocrx_word' id='word_1_630' title='bbox 1192 1485 1321 1517; x_wconf 82' lang='lat' dir='ltr'>quodque</span> <span class='ocrx_word' id='word_1_631' title='bbox 1338 1484 1549 1516; x_wconf 80' lang='lat' dir='ltr'>acceptationes</span> <span class='ocrx_word' id='word_1_632' title='bbox 1568 1486 1597 1508; x_wconf 86' lang='lat' dir='ltr'>et</span> <span class='ocrx_word' id='word_1_633' title='bbox 1616 1483 1794 1516; x_wconf 83' lang='lat' dir='ltr'>provisiones</span> <span class='ocrx_word' id='word_1_634' title='bbox 1810 1490 1880 1515; x_wconf 88' lang='lat' dir='ltr'>quas</span> <span class='ocrx_word' id='word_1_635' title='bbox 1893 1490 2011 1515; x_wconf 85' lang='lat' dir='ltr'>precum</span> <span class='ocrx_word' id='word_1_636' title='bbox 2026 1485 2056 1508; x_wconf 87' lang='lat' dir='ltr'>et</span> <span class='ocrx_word' id='word_1_637' title='bbox 2068 1489 2120 1507; x_wconf 89' lang='lat' dir='ltr'>no-</span> 
     </span>
     <span class='ocr_line' id='line_1_86' title="bbox 1191 1525 2119 1561; baseline -0.002 -8"><span class='ocrx_word' id='word_1_638' title='bbox 1191 1529 1378 1554; x_wconf 89' lang='lat' dir='ltr'>minationum</span> <span class='ocrx_word' id='word_1_639' title='bbox 1398 1528 1598 1561; x_wconf 89' lang='lat' dir='ltr'>primariarum</span> <span class='ocrx_word' id='word_1_640' title='bbox 1615 1535 1647 1552; x_wconf 91' lang='lat' dir='ltr'>ac</span> <span class='ocrx_word' id='word_1_641' title='bbox 1661 1527 1838 1560; x_wconf 85' lang='lat' dir='ltr'>presentium</span> <span class='ocrx_word' id='word_1_642' title='bbox 1855 1525 1954 1561; x_wconf 78' lang='lat' dir='ltr'>vigore</span> <span class='ocrx_word' id='word_1_643' title='bbox 1970 1526 2033 1551; x_wconf 83' lang='lat' dir='ltr'>fieri</span> <span class='ocrx_word' id='word_1_644' title='bbox 2049 1534 2119 1551; x_wconf 88' lang='lat' dir='ltr'>con—</span> 
     </span>
     <span class='ocr_line' id='line_1_87' title="bbox 1193 1570 2122 1606; baseline -0.002 -9"><span class='ocrx_word' id='word_1_645' title='bbox 1193 1573 1291 1606; x_wconf 72' lang='lat' dir='ltr'>tigerit</span> <span class='ocrx_word' id='word_1_646' title='bbox 1318 1572 1351 1596; x_wconf 89' lang='lat' dir='ltr'>ad</span> <span class='ocrx_word' id='word_1_647' title='bbox 1375 1572 1467 1596; x_wconf 85' lang='lat' dir='ltr'>instar</span> <span class='ocrx_word' id='word_1_648' title='bbox 1489 1572 1719 1605; x_wconf 75' lang='lat' dir='ltr'>publicationum</span> <span class='ocrx_word' id='word_1_649' title='bbox 1745 1578 1799 1603; x_wconf 88' lang='lat' dir='ltr'>que</span> <span class='ocrx_word' id='word_1_650' title='bbox 1821 1570 1855 1596; x_wconf 88' lang='lat' dir='ltr'>de</span> <span class='ocrx_word' id='word_1_651' title='bbox 1875 1570 2122 1603; x_wconf 85' lang='lat' dir='ltr'>acceptationibus</span> 
     </span>
     <span class='ocr_line' id='line_1_88' title="bbox 1192 1615 2121 1650; baseline -0.001 -9"><span class='ocrx_word' id='word_1_652' title='bbox 1192 1620 1220 1642; x_wconf 85' lang='lat' dir='ltr'>et</span> <span class='ocrx_word' id='word_1_653' title='bbox 1238 1616 1447 1650; x_wconf 87' lang='lat' dir='ltr'>provisionibus</span> <span class='ocrx_word' id='word_1_654' title='bbox 1458 1616 1558 1649; x_wconf 79' lang='lat' dir='ltr'>vigore</span> <span class='ocrx_word' id='word_1_655' title='bbox 1575 1616 1733 1649; x_wconf 76' lang='lat' dir='ltr'>gratiarum</span> <span class='ocrx_word' id='word_1_656' title='bbox 1745 1615 1987 1648; x_wconf 87' lang='lat' dir='ltr'>expectativarum</span> <span class='ocrx_word' id='word_1_657' title='bbox 2001 1622 2054 1648; x_wconf 89' lang='lat' dir='ltr'>per</span> <span class='ocrx_word' id='word_1_658' title='bbox 2066 1622 2121 1640; x_wconf 76' lang='lat' dir='ltr'>nos</span> 
     </span>
     <span class='ocr_line' id='line_1_89' title="bbox 1191 1658 2121 1692; baseline -0.003 -6"><span class='ocrx_word' id='word_1_659' title='bbox 1191 1668 1392 1686; x_wconf 84' lang='lat' dir='ltr'>concessarum</span> <span class='ocrx_word' id='word_1_660' title='bbox 1409 1661 1482 1685; x_wconf 81' lang='lat' dir='ltr'>facte</span> <span class='ocrx_word' id='word_1_661' title='bbox 1496 1660 1603 1685; x_wconf 85' lang='lat' dir='ltr'>suerint</span> <span class='ocrx_word' id='word_1_662' title='bbox 1619 1659 1749 1684; x_wconf 77' lang='lat' dir='ltr'>faciende</span> <span class='ocrx_word' id='word_1_663' title='bbox 1765 1659 1840 1684; x_wconf 79' lang='lat' dir='ltr'>iuxta</span> <span class='ocrx_word' id='word_1_664' title='bbox 1855 1658 1997 1692; x_wconf 84' lang='lat' dir='ltr'>quandam</span> <span class='ocrx_word' id='word_1_665' title='bbox 2013 1659 2121 1684; x_wconf 80' lang='lat' dir='ltr'>consti-</span> 
     </span>
     <span class='ocr_line' id='line_1_90' title="bbox 1192 1703 2121 1737; baseline -0.002 -8"><span class='ocrx_word' id='word_1_666' title='bbox 1192 1705 1332 1730; x_wconf 88' lang='lat' dir='ltr'>tutionem</span> <span class='ocrx_word' id='word_1_667' title='bbox 1352 1707 1481 1729; x_wconf 90' lang='lat' dir='ltr'>nostram</span> <span class='ocrx_word' id='word_1_668' title='bbox 1503 1712 1589 1737; x_wconf 84' lang='lat' dir='ltr'>super</span> <span class='ocrx_word' id='word_1_669' title='bbox 1612 1704 1667 1729; x_wconf 90' lang='lat' dir='ltr'>hoc</span> <span class='ocrx_word' id='word_1_670' title='bbox 1687 1703 1791 1728; x_wconf 87' lang='lat' dir='ltr'>editam</span> <span class='ocrx_word' id='word_1_671' title='bbox 1814 1703 1888 1728; x_wconf 87' lang='lat' dir='ltr'>insra</span> <span class='ocrx_word' id='word_1_672' title='bbox 1905 1705 2017 1735; x_wconf 87' lang='lat' dir='ltr'>tempus</span> <span class='ocrx_word' id='word_1_673' title='bbox 2033 1703 2063 1728; x_wconf 91' lang='lat' dir='ltr'>in</span> <span class='ocrx_word' id='word_1_674' title='bbox 2075 1710 2121 1728; x_wconf 85' lang='lat' dir='ltr'>ea-</span> 
     </span>
     <span class='ocr_line' id='line_1_91' title="bbox 1193 1747 2120 1781; baseline -0.001 -7"><span class='ocrx_word' id='word_1_675' title='bbox 1193 1750 1256 1774; x_wconf 89' lang='lat' dir='ltr'>dem</span> <span class='ocrx_word' id='word_1_676' title='bbox 1275 1749 1480 1774; x_wconf 88' lang='lat' dir='ltr'>constitutione</span> <span class='ocrx_word' id='word_1_677' title='bbox 1497 1756 1664 1781; x_wconf 86' lang='lat' dir='ltr'>expressum</span> <span class='ocrx_word' id='word_1_678' title='bbox 1686 1750 1715 1773; x_wconf 89' lang='lat' dir='ltr'>et</span> <span class='ocrx_word' id='word_1_679' title='bbox 1731 1748 1782 1772; x_wconf 90' lang='lat' dir='ltr'>sub</span> <span class='ocrx_word' id='word_1_680' title='bbox 1800 1747 1882 1780; x_wconf 92' lang='lat' dir='ltr'>penis</span> <span class='ocrx_word' id='word_1_681' title='bbox 1902 1747 1934 1772; x_wconf 88' lang='lat' dir='ltr'>in</span> <span class='ocrx_word' id='word_1_682' title='bbox 1951 1754 1985 1772; x_wconf 85' lang='lat' dir='ltr'>ea</span> <span class='ocrx_word' id='word_1_683' title='bbox 2000 1755 2052 1781; x_wconf 83' lang='lat' dir='ltr'>per</span> <span class='ocrx_word' id='word_1_684' title='bbox 2067 1755 2120 1773; x_wconf 88' lang='lat' dir='ltr'>nos</span> 
     </span>
     <span class='ocr_line' id='line_1_92' title="bbox 1192 1791 2121 1825; baseline -0.001 -7"><span class='ocrx_word' id='word_1_685' title='bbox 1192 1794 1307 1818; x_wconf 85' lang='lat' dir='ltr'>adiectis</span> <span class='ocrx_word' id='word_1_686' title='bbox 1322 1793 1443 1818; x_wconf 86' lang='lat' dir='ltr'>debeant</span> <span class='ocrx_word' id='word_1_687' title='bbox 1460 1793 1606 1825; x_wconf 85' lang='lat' dir='ltr'>publicari.</span> <span class='ocrx_word' id='word_1_688' title='bbox 1626 1792 1664 1817; x_wconf 87' lang='lat' dir='ltr'>Et</span> <span class='ocrx_word' id='word_1_689' title='bbox 1678 1792 1794 1824; x_wconf 84' lang='lat' dir='ltr'>insuper</span> <span class='ocrx_word' id='word_1_690' title='bbox 1814 1792 1924 1816; x_wconf 90' lang='lat' dir='ltr'>irritum</span> <span class='ocrx_word' id='word_1_691' title='bbox 1941 1791 2121 1818; x_wconf 88' lang='lat' dir='ltr'>decernimus</span> 
     </span>
     <span class='ocr_line' id='line_1_93' title="bbox 1194 1835 2122 1869; baseline -0.001 -7"><span class='ocrx_word' id='word_1_692' title='bbox 1194 1840 1221 1863; x_wconf 90' lang='lat' dir='ltr'>et</span> <span class='ocrx_word' id='word_1_693' title='bbox 1236 1839 1318 1862; x_wconf 85' lang='lat' dir='ltr'>inane</span> <span class='ocrx_word' id='word_1_694' title='bbox 1335 1837 1358 1862; x_wconf 86' lang='lat' dir='ltr'>si</span> <span class='ocrx_word' id='word_1_695' title='bbox 1373 1845 1455 1861; x_wconf 85' lang='lat' dir='ltr'>secus</span> <span class='ocrx_word' id='word_1_696' title='bbox 1471 1845 1556 1869; x_wconf 86' lang='lat' dir='ltr'>super</span> <span class='ocrx_word' id='word_1_697' title='bbox 1573 1835 1628 1867; x_wconf 81' lang='lat' dir='ltr'>hijs</span> <span class='ocrx_word' id='word_1_698' title='bbox 1644 1843 1659 1861; x_wconf 86' lang='lat' dir='ltr'>a</span> <span class='ocrx_word' id='word_1_699' title='bbox 1674 1843 1814 1868; x_wconf 85' lang='lat' dir='ltr'>quoquam</span> <span class='ocrx_word' id='word_1_700' title='bbox 1834 1836 1933 1868; x_wconf 82' lang='lat' dir='ltr'>quavis</span> <span class='ocrx_word' id='word_1_701' title='bbox 1949 1836 2122 1861; x_wconf 78' lang='lat' dir='ltr'>auctoritate</span> 
     </span>
     <span class='ocr_line' id='line_1_94' title="bbox 1193 1879 2120 1915; baseline 0 -9"><span class='ocrx_word' id='word_1_702' title='bbox 1193 1882 1316 1906; x_wconf 83' lang='lat' dir='ltr'>scienter</span> <span class='ocrx_word' id='word_1_703' title='bbox 1347 1881 1392 1906; x_wconf 88' lang='lat' dir='ltr'>vel</span> <span class='ocrx_word' id='word_1_704' title='bbox 1418 1881 1586 1915; x_wconf 74' lang='lat' dir='ltr'>ignoranter</span> <span class='ocrx_word' id='word_1_705' title='bbox 1608 1880 1763 1913; x_wconf 76' lang='lat' dir='ltr'>contigerit</span> <span class='ocrx_word' id='word_1_706' title='bbox 1785 1880 1958 1913; x_wconf 85' lang='lat' dir='ltr'>attemptari.</span> <span class='ocrx_word' id='word_1_707' title='bbox 1985 1879 2120 1906; x_wconf 81' lang='lat' dir='ltr'>I&#39;reterea</span> 
     </span>
     <span class='ocr_line' id='line_1_95' title="bbox 1193 1924 2118 1958; baseline 0 -8"><span class='ocrx_word' id='word_1_708' title='bbox 1193 1925 1258 1958; x_wconf 86' lang='lat' dir='ltr'>quia</span> <span class='ocrx_word' id='word_1_709' title='bbox 1272 1925 1386 1950; x_wconf 80' lang='lat' dir='ltr'>difficile</span> <span class='ocrx_word' id='word_1_710' title='bbox 1410 1926 1485 1949; x_wconf 85' lang='lat' dir='ltr'>foret</span> <span class='ocrx_word' id='word_1_711' title='bbox 1506 1924 1669 1950; x_wconf 88' lang='lat' dir='ltr'>huiusmodi</span> <span class='ocrx_word' id='word_1_712' title='bbox 1689 1927 1800 1949; x_wconf 88' lang='lat' dir='ltr'>nostras</span> <span class='ocrx_word' id='word_1_713' title='bbox 1820 1924 1928 1949; x_wconf 84' lang='lat' dir='ltr'>litteras</span> <span class='ocrx_word' id='word_1_714' title='bbox 1954 1924 1987 1949; x_wconf 84' lang='lat' dir='ltr'>ad</span> <span class='ocrx_word' id='word_1_715' title='bbox 2003 1925 2118 1958; x_wconf 82' lang='lat' dir='ltr'>singula</span> 
     </span>
     <span class='ocr_line' id='line_1_96' title="bbox 1193 1968 2122 2002; baseline -0.001 -7"><span class='ocrx_word' id='word_1_716' title='bbox 1193 1970 1221 1995; x_wconf 89' lang='lat' dir='ltr'>in</span> <span class='ocrx_word' id='word_1_717' title='bbox 1239 1970 1341 2002; x_wconf 88' lang='lat' dir='ltr'>quibus</span> <span class='ocrx_word' id='word_1_718' title='bbox 1363 1969 1396 1994; x_wconf 89' lang='lat' dir='ltr'>de</span> <span class='ocrx_word' id='word_1_719' title='bbox 1421 1969 1460 1994; x_wconf 87' lang='lat' dir='ltr'>eis</span> <span class='ocrx_word' id='word_1_720' title='bbox 1482 1969 1550 1994; x_wconf 83' lang='lat' dir='ltr'>tides</span> <span class='ocrx_word' id='word_1_721' title='bbox 1574 1969 1673 1994; x_wconf 79' lang='lat' dir='ltr'>forsan</span> <span class='ocrx_word' id='word_1_722' title='bbox 1688 1968 1816 1993; x_wconf 80' lang='lat' dir='ltr'>facienda</span> <span class='ocrx_word' id='word_1_723' title='bbox 1831 1968 1918 1993; x_wconf 81' lang='lat' dir='ltr'>suerit</span> <span class='ocrx_word' id='word_1_724' title='bbox 1935 1968 1997 1993; x_wconf 79' lang='lat' dir='ltr'>loca</span> <span class='ocrx_word' id='word_1_725' title='bbox 2010 1968 2122 1994; x_wconf 73' lang='lat' dir='ltr'>deferre</span> 
     </span>
     <span class='ocr_line' id='line_1_97' title="bbox 1193 2012 2122 2046; baseline -0.002 -6"><span class='ocrx_word' id='word_1_726' title='bbox 1193 2015 1291 2040; x_wconf 89' lang='lat' dir='ltr'>eadem</span> <span class='ocrx_word' id='word_1_727' title='bbox 1311 2014 1480 2039; x_wconf 83' lang='lat' dir='ltr'>auctoritate</span> <span class='ocrx_word' id='word_1_728' title='bbox 1504 2012 1660 2046; x_wconf 82' lang='lat' dir='ltr'>apostolica</span> <span class='ocrx_word' id='word_1_729' title='bbox 1685 2012 1816 2037; x_wconf 85' lang='lat' dir='ltr'>similiter</span> <span class='ocrx_word' id='word_1_730' title='bbox 1841 2012 2020 2037; x_wconf 85' lang='lat' dir='ltr'>decernimus</span> <span class='ocrx_word' id='word_1_731' title='bbox 2046 2013 2122 2045; x_wconf 80' lang='lat' dir='ltr'>quod</span> 
     </span>
     <span class='ocr_line' id='line_1_98' title="bbox 1193 2056 2121 2092; baseline -0.001 -9"><span class='ocrx_word' id='word_1_732' title='bbox 1193 2059 1320 2092; x_wconf 80' lang='lat' dir='ltr'>ipsarum</span> <span class='ocrx_word' id='word_1_733' title='bbox 1336 2061 1517 2090; x_wconf 86' lang='lat' dir='ltr'>transumpto</span> <span class='ocrx_word' id='word_1_734' title='bbox 1536 2064 1621 2082; x_wconf 89' lang='lat' dir='ltr'>manu</span> <span class='ocrx_word' id='word_1_735' title='bbox 1637 2057 1752 2090; x_wconf 88' lang='lat' dir='ltr'>publica</span> <span class='ocrx_word' id='word_1_736' title='bbox 1770 2058 1799 2081; x_wconf 83' lang='lat' dir='ltr'>et</span> <span class='ocrx_word' id='word_1_737' title='bbox 1813 2056 1909 2091; x_wconf 80' lang='lat' dir='ltr'>sigillo</span> <span class='ocrx_word' id='word_1_738' title='bbox 1924 2056 2044 2082; x_wconf 82' lang='lat' dir='ltr'>alicuius</span> <span class='ocrx_word' id='word_1_739' title='bbox 2062 2057 2121 2090; x_wconf 86' lang='lat' dir='ltr'>epi-</span> 
     </span>
     <span class='ocr_line' id='line_1_99' title="bbox 1194 2101 2121 2135; baseline -0.001 -8"><span class='ocrx_word' id='word_1_740' title='bbox 1194 2103 1317 2135; x_wconf 84' lang='lat' dir='ltr'>scopalis</span> <span class='ocrx_word' id='word_1_741' title='bbox 1345 2103 1390 2127; x_wconf 88' lang='lat' dir='ltr'>vel</span> <span class='ocrx_word' id='word_1_742' title='bbox 1414 2102 1568 2135; x_wconf 82' lang='lat' dir='ltr'>superioris</span> <span class='ocrx_word' id='word_1_743' title='bbox 1598 2101 1794 2126; x_wconf 82' lang='lat' dir='ltr'>ecclesiastice</span> <span class='ocrx_word' id='word_1_744' title='bbox 1818 2101 1896 2126; x_wconf 86' lang='lat' dir='ltr'>curie</span> <span class='ocrx_word' id='word_1_745' title='bbox 1924 2101 2036 2126; x_wconf 82' lang='lat' dir='ltr'>munito</span> <span class='ocrx_word' id='word_1_746' title='bbox 2058 2104 2121 2126; x_wconf 84' lang='lat' dir='ltr'>tan-</span> 
     </span>
     <span class='ocr_line' id='line_1_100' title="bbox 1194 2144 2121 2179; baseline -0.001 -8"><span class='ocrx_word' id='word_1_747' title='bbox 1194 2155 1274 2179; x_wconf 86' lang='lat' dir='ltr'>quam</span> <span class='ocrx_word' id='word_1_748' title='bbox 1297 2147 1479 2179; x_wconf 86' lang='lat' dir='ltr'>presentibus</span> <span class='ocrx_word' id='word_1_749' title='bbox 1511 2145 1618 2170; x_wconf 80' lang='lat' dir='ltr'>nostris</span> <span class='ocrx_word' id='word_1_750' title='bbox 1643 2145 1748 2170; x_wconf 80' lang='lat' dir='ltr'>litteris</span> <span class='ocrx_word' id='word_1_751' title='bbox 1775 2145 1798 2169; x_wconf 85' lang='lat' dir='ltr'>si</span> <span class='ocrx_word' id='word_1_752' title='bbox 1827 2145 1888 2178; x_wconf 87' lang='lat' dir='ltr'>ipse</span> <span class='ocrx_word' id='word_1_753' title='bbox 1915 2144 2121 2171; x_wconf 81' lang='lat' dir='ltr'>exhiberentur</span> 
     </span>
     <span class='ocr_line' id='line_1_101' title="bbox 1193 2187 2119 2224; baseline -0.001 -9"><span class='ocrx_word' id='word_1_754' title='bbox 1193 2191 1279 2224; x_wconf 82' lang='lat' dir='ltr'>plena</span> <span class='ocrx_word' id='word_1_755' title='bbox 1301 2190 1370 2215; x_wconf 82' lang='lat' dir='ltr'>tides</span> <span class='ocrx_word' id='word_1_756' title='bbox 1387 2190 1555 2215; x_wconf 85' lang='lat' dir='ltr'>adhibeatur</span> <span class='ocrx_word' id='word_1_757' title='bbox 1576 2194 1602 2215; x_wconf 88' lang='lat' dir='ltr'>et</span> <span class='ocrx_word' id='word_1_758' title='bbox 1617 2189 1734 2222; x_wconf 87' lang='lat' dir='ltr'>perinde</span> <span class='ocrx_word' id='word_1_759' title='bbox 1752 2191 1860 2220; x_wconf 84' lang='lat' dir='ltr'>stetur,</span> <span class='ocrx_word' id='word_1_760' title='bbox 1879 2196 1910 2214; x_wconf 90' lang='lat' dir='ltr'>ac</span> <span class='ocrx_word' id='word_1_761' title='bbox 1928 2189 1951 2214; x_wconf 85' lang='lat' dir='ltr'>si</span> <span class='ocrx_word' id='word_1_762' title='bbox 1969 2187 2044 2215; x_wconf 90' lang='lat' dir='ltr'>dicte</span> <span class='ocrx_word' id='word_1_763' title='bbox 2063 2189 2119 2214; x_wconf 87' lang='lat' dir='ltr'>ori-</span> 
     </span>
     <span class='ocr_line' id='line_1_102' title="bbox 1194 2232 2117 2268; baseline 0 -9"><span class='ocrx_word' id='word_1_764' title='bbox 1194 2235 1303 2268; x_wconf 71' lang='lat' dir='ltr'>ginales</span> <span class='ocrx_word' id='word_1_765' title='bbox 1319 2235 1411 2259; x_wconf 87' lang='lat' dir='ltr'>littere</span> <span class='ocrx_word' id='word_1_766' title='bbox 1429 2235 1523 2259; x_wconf 83' lang='lat' dir='ltr'>forent</span> <span class='ocrx_word' id='word_1_767' title='bbox 1538 2234 1660 2258; x_wconf 80' lang='lat' dir='ltr'>exhibite</span> <span class='ocrx_word' id='word_1_768' title='bbox 1676 2233 1721 2258; x_wconf 87' lang='lat' dir='ltr'>vel</span> <span class='ocrx_word' id='word_1_769' title='bbox 1734 2235 1857 2258; x_wconf 80' lang='lat' dir='ltr'>ostense.</span> <span class='ocrx_word' id='word_1_770' title='bbox 1878 2232 1955 2258; x_wconf 89' lang='lat' dir='ltr'>Nulli</span> <span class='ocrx_word' id='word_1_771' title='bbox 1973 2242 2042 2268; x_wconf 81' lang='lat' dir='ltr'>ergo</span> <span class='ocrx_word' id='word_1_772' title='bbox 2057 2241 2117 2259; x_wconf 89' lang='lat' dir='ltr'>om-</span> 
     </span>
     <span class='ocr_line' id='line_1_103' title="bbox 1193 2277 2117 2310; baseline 0 -7"><span class='ocrx_word' id='word_1_773' title='bbox 1193 2279 1261 2303; x_wconf 89' lang='lat' dir='ltr'>nino</span> <span class='ocrx_word' id='word_1_774' title='bbox 1280 2278 1428 2303; x_wconf 84' lang='lat' dir='ltr'>hominum</span> <span class='ocrx_word' id='word_1_775' title='bbox 1454 2279 1536 2303; x_wconf 87' lang='lat' dir='ltr'>liceat</span> <span class='ocrx_word' id='word_1_776' title='bbox 1559 2277 1633 2302; x_wconf 88' lang='lat' dir='ltr'>hanc</span> <span class='ocrx_word' id='word_1_777' title='bbox 1652 2277 1788 2310; x_wconf 75' lang='lat' dir='ltr'>paginam</span> <span class='ocrx_word' id='word_1_778' title='bbox 1809 2280 1906 2302; x_wconf 87' lang='lat' dir='ltr'>nostre</span> <span class='ocrx_word' id='word_1_779' title='bbox 1925 2277 2117 2303; x_wconf 78' lang='lat' dir='ltr'>concessionis</span> 
     </span>
     <span class='ocr_line' id='line_1_104' title="bbox 1194 2321 2121 2356; baseline -0.001 -9"><span class='ocrx_word' id='word_1_780' title='bbox 1194 2322 1387 2356; x_wconf 81' lang='lat' dir='ltr'>derogationis</span> <span class='ocrx_word' id='word_1_781' title='bbox 1405 2322 1561 2347; x_wconf 88' lang='lat' dir='ltr'>voluntatis</span> <span class='ocrx_word' id='word_1_782' title='bbox 1579 2324 1607 2346; x_wconf 88' lang='lat' dir='ltr'>et</span> <span class='ocrx_word' id='word_1_783' title='bbox 1626 2321 1841 2346; x_wconf 85' lang='lat' dir='ltr'>constitutionis</span> <span class='ocrx_word' id='word_1_784' title='bbox 1857 2321 2014 2356; x_wconf 80' lang='lat' dir='ltr'>infringere</span> <span class='ocrx_word' id='word_1_785' title='bbox 2033 2322 2079 2347; x_wconf 79' lang='lat' dir='ltr'>vel</span> <span class='ocrx_word' id='word_1_786' title='bbox 2095 2321 2121 2347; x_wconf 89' lang='lat' dir='ltr'>ei</span> 
     </span>
     <span class='ocr_line' id='line_1_105' title="bbox 1194 2365 2119 2399; baseline -0.001 -7"><span class='ocrx_word' id='word_1_787' title='bbox 1194 2375 1264 2392; x_wconf 86' lang='lat' dir='ltr'>ausu</span> <span class='ocrx_word' id='word_1_788' title='bbox 1285 2365 1436 2391; x_wconf 88' lang='lat' dir='ltr'>temerario</span> <span class='ocrx_word' id='word_1_789' title='bbox 1453 2367 1612 2395; x_wconf 84' lang='lat' dir='ltr'>contraire,</span> <span class='ocrx_word' id='word_1_790' title='bbox 1632 2366 1655 2390; x_wconf 82' lang='lat' dir='ltr'>si</span> <span class='ocrx_word' id='word_1_791' title='bbox 1677 2366 1739 2397; x_wconf 89' lang='lat' dir='ltr'>quis</span> <span class='ocrx_word' id='word_1_792' title='bbox 1758 2369 1855 2390; x_wconf 86' lang='lat' dir='ltr'>autem</span> <span class='ocrx_word' id='word_1_793' title='bbox 1875 2367 1930 2391; x_wconf 88' lang='lat' dir='ltr'>hoc</span> <span class='ocrx_word' id='word_1_794' title='bbox 1946 2368 2119 2399; x_wconf 84' lang='lat' dir='ltr'>attemptare</span> 
     </span>
     <span class='ocr_line' id='line_1_106' title="bbox 1193 2409 2122 2445; baseline 0 -10"><span class='ocrx_word' id='word_1_795' title='bbox 1193 2411 1400 2444; x_wconf 85' lang='lat' dir='ltr'>presumpserit</span> <span class='ocrx_word' id='word_1_796' title='bbox 1417 2410 1642 2445; x_wconf 77' lang='lat' dir='ltr'>indignationem</span> <span class='ocrx_word' id='word_1_797' title='bbox 1657 2409 1865 2441; x_wconf 85' lang='lat' dir='ltr'>omnipotentis</span> <span class='ocrx_word' id='word_1_798' title='bbox 1882 2410 1926 2435; x_wconf 87' lang='lat' dir='ltr'>dei</span> <span class='ocrx_word' id='word_1_799' title='bbox 1936 2412 1964 2435; x_wconf 88' lang='lat' dir='ltr'>et</span> <span class='ocrx_word' id='word_1_800' title='bbox 1972 2410 2122 2436; x_wconf 85' lang='lat' dir='ltr'>beatorum</span> 
     </span>
     <span class='ocr_line' id='line_1_107' title="bbox 1193 2453 2083 2487; baseline 0.001 -9"><span class='ocrx_word' id='word_1_801' title='bbox 1193 2454 1270 2479; x_wconf 81' lang='lat' dir='ltr'>Petri</span> <span class='ocrx_word' id='word_1_802' title='bbox 1289 2458 1316 2479; x_wconf 85' lang='lat' dir='ltr'>et</span> <span class='ocrx_word' id='word_1_803' title='bbox 1332 2454 1410 2479; x_wconf 83' lang='lat' dir='ltr'>Pauli</span> <span class='ocrx_word' id='word_1_804' title='bbox 1430 2454 1624 2487; x_wconf 87' lang='lat' dir='ltr'>apostolorum</span> <span class='ocrx_word' id='word_1_805' title='bbox 1644 2453 1704 2478; x_wconf 84' lang='lat' dir='ltr'>eius</span> <span class='ocrx_word' id='word_1_806' title='bbox 1722 2461 1751 2478; x_wconf 89' lang='lat' dir='ltr'>se</span> <span class='ocrx_word' id='word_1_807' title='bbox 1768 2455 1882 2479; x_wconf 86' lang='lat' dir='ltr'>noverit</span> <span class='ocrx_word' id='word_1_808' title='bbox 1895 2454 2083 2480; x_wconf 84' lang='lat' dir='ltr'>incursurum.</span> 
     </span>
     <span class='ocr_line' id='line_1_108' title="bbox 1262 2496 2117 2530; baseline 0 -8"><span class='ocrx_word' id='word_1_809' title='bbox 1262 2498 1365 2523; x_wconf 90' lang='lat' dir='ltr'>Datum</span> <span class='ocrx_word' id='word_1_810' title='bbox 1382 2499 1471 2523; x_wconf 82' lang='lat' dir='ltr'>Rome</span> <span class='ocrx_word' id='word_1_811' title='bbox 1489 2498 1561 2530; x_wconf 91' lang='lat' dir='ltr'>apud</span> <span class='ocrx_word' id='word_1_812' title='bbox 1582 2496 1611 2522; x_wconf 85' lang='lat' dir='ltr'>S.</span> <span class='ocrx_word' id='word_1_813' title='bbox 1621 2497 1737 2522; x_wconf 89' lang='lat' dir='ltr'>Petrum</span> <span class='ocrx_word' id='word_1_814' title='bbox 1753 2505 1828 2524; x_wconf 79' lang='lat' dir='ltr'>anno</span> <span class='ocrx_word' id='word_1_815' title='bbox 1845 2498 2049 2523; x_wconf 85' lang='lat' dir='ltr'>incarnationis</span> <span class='ocrx_word' id='word_1_816' title='bbox 2068 2497 2117 2522; x_wconf 89' lang='lat' dir='ltr'>do-</span> 
     </span>
     <span class='ocr_line' id='line_1_109' title="bbox 1192 2541 2117 2576; baseline -0.002 -9"><span class='ocrx_word' id='word_1_817' title='bbox 1192 2543 1295 2567; x_wconf 82' lang='lat' dir='ltr'>minice</span> <span class='ocrx_word' id='word_1_818' title='bbox 1311 2543 1463 2567; x_wconf 84' lang='lat' dir='ltr'>millesimo</span> <span class='ocrx_word' id='word_1_819' title='bbox 1481 2541 1764 2574; x_wconf 68' lang='lat' dir='ltr'>quadringentesimo</span> <span class='ocrx_word' id='word_1_820' title='bbox 1782 2542 2017 2576; x_wconf 82' lang='lat' dir='ltr'>quinquagesimo</span> <span class='ocrx_word' id='word_1_821' title='bbox 2028 2542 2117 2575; x_wconf 86' lang='lat' dir='ltr'>primo</span> 
     </span>
     <span class='ocr_line' id='line_1_110' title="bbox 1192 2584 2121 2619; baseline -0.001 -8"><span class='ocrx_word' id='word_1_822' title='bbox 1192 2587 1404 2619; x_wconf 89' lang='lat' dir='ltr'>quartodecimo</span> <span class='ocrx_word' id='word_1_823' title='bbox 1413 2586 1525 2610; x_wconf 83' lang='lat' dir='ltr'>kalend.</span> <span class='ocrx_word' id='word_1_824' title='bbox 1533 2585 1647 2618; x_wconf 79' lang='lat' dir='ltr'>Aprilis,</span> <span class='ocrx_word' id='word_1_825' title='bbox 1655 2585 1839 2619; x_wconf 83' lang='lat' dir='ltr'>pontificatus</span> <span class='ocrx_word' id='word_1_826' title='bbox 1849 2587 1939 2612; x_wconf 88' lang='lat' dir='ltr'>nostri</span> <span class='ocrx_word' id='word_1_827' title='bbox 1950 2584 2024 2611; x_wconf 78' lang='lat' dir='ltr'>anno</span> <span class='ocrx_word' id='word_1_828' title='bbox 2034 2588 2121 2613; x_wconf 83' lang='lat' dir='ltr'>sexto.</span> 
     </span>
     <span class='ocr_line' id='line_1_111' title="bbox 1340 2629 2072 2663; baseline 0.001 -9"><span class='ocrx_word' id='word_1_829' title='bbox 1340 2630 1435 2655; x_wconf 83' lang='lat' dir='ltr'>Gratis</span> <span class='ocrx_word' id='word_1_830' title='bbox 1456 2629 1489 2654; x_wconf 90' lang='lat' dir='ltr'>de</span> <span class='ocrx_word' id='word_1_831' title='bbox 1510 2630 1643 2655; x_wconf 88' lang='lat' dir='ltr'>mandato</span> <span class='ocrx_word' id='word_1_832' title='bbox 1664 2630 1690 2655; x_wconf 88' lang='lat' dir='ltr'>d.</span> <span class='ocrx_word' id='word_1_833' title='bbox 1711 2638 1737 2655; x_wconf 90' lang='lat' dir='ltr'>n.</span> <span class='ocrx_word' id='word_1_834' title='bbox 1759 2638 1840 2663; x_wconf 86' lang='lat' dir='ltr'>pape.</span> <span class='ocrx_word' id='word_1_835' title='bbox 1879 2629 1912 2656; x_wconf 93' lang='grc'>0.</span> <span class='ocrx_word' id='word_1_836' title='bbox 1933 2630 1967 2655; x_wconf 90' lang='lat' dir='ltr'>de</span> <span class='ocrx_word' id='word_1_837' title='bbox 1986 2630 2072 2656; x_wconf 81' lang='lat' dir='ltr'>Luca.</span> 
     </span>
    </p>
   </div>
   <div class='ocr_carea' id='block_1_6' title="bbox 2187 548 2206 794">
    <p class='ocr_par' dir='ltr' id='par_1_6' title="bbox 2187 548 2206 794">
     <span class='ocr_line' id='line_1_112' title="bbox 2187 548 2206 794; textangle 90"><span class='ocrx_word' id='word_1_838' title='bbox 2191 772 2201 794; x_wconf 77' lang='lat'>-··</span> <span class='ocrx_word' id='word_1_839' title='bbox 2187 727 2203 762; x_wconf 59' lang='grc' dir='ltr'>-Αν</span> <span class='ocrx_word' id='word_1_840' title='bbox 2187 571 2206 719; x_wconf 42' lang='lat' dir='ltr'>&amp;kt-*sl*</span> <span class='ocrx_word' id='word_1_841' title='bbox 2192 548 2202 554; x_wconf 61' lang='lat'>&lt;³</span> 
     </span>
    </p>
   </div>
   <div class='ocr_carea' id='block_1_7' title="bbox 2190 2067 2209 2858">
    <p class='ocr_par' dir='ltr' id='par_1_7' title="bbox 2190 2067 2209 2858">
     <span class='ocr_line' id='line_1_113' title="bbox 2190 2067 2209 2858; baseline 0 0"><span class='ocrx_word' id='word_1_842' title='bbox 2190 2067 2209 2858; x_wconf 95' lang='lat' dir='ltr'> </span> 
     </span>
    </p>
   </div>
  </div>
 </body>
</html>
