2235 2859
405 158 617 216 Anhang.
638 157 886 200 Friedrich
910 155 999 199 IV.
1032 155 1160 213 (111.)
1189 168 1299 207 1461,
1329 167 1520 200 December
1547 169 1606 202 17.

1845 167 1959 201 CXLI

51 317 133 338 sueta
155 312 307 336 decernere
334 311 363 334 et
383 307 537 333 concedere
566 307 758 341 dignaremur.
793 305 853 331 Nos
883 305 971 339 igitur

49 355 208 382 Alexander
223 352 374 378 cardinalis
395 352 481 383 judex
503 354 531 376 et
550 351 759 376 commissarius
778 350 909 382 prefatus
929 353 971 374 at-

51 400 200 426 tendentes
226 397 442 430 requisitionem
465 396 628 420 huiusmodi
651 395 711 419 sore
732 396 836 419 iustam
857 396 884 419 et
902 402 969 418 con-

50 451 149 471 sonam
173 442 276 467 rationi
298 443 483 473 volentesque
499 441 525 465 in
542 447 627 465 causa
647 441 675 464 et
692 440 783 464 causis
807 438 969 463 huiusmodi

49 489 103 514 rite
120 490 148 513 et
167 488 293 521 legitime
312 486 464 519 procedere
481 492 513 509 ac
539 484 667 516 partibus
693 483 760 515 ipsis
776 483 861 508 dante
880 482 969 507 domi-

48 541 85 559 no
108 532 246 558 iustitiam
270 531 431 556 ministrare
455 532 486 554 ut
508 532 647 557 tenemur,
668 528 836 552 auctoritate
856 529 970 559 aposto-

48 579 102 603 lica
122 577 203 601 nobis
224 576 373 601 commissa
401 577 428 599 et
450 581 504 605 qua
528 572 674 605 fungimur
699 572 727 596 in
746 572 798 596 hac
820 574 899 604 parte
919 579 968 595 vos

49 630 147 649 omnes
172 623 200 646 et
224 620 353 653 singulos
376 618 551 651 supradictos
574 616 675 648 quibus
700 619 847 648 presentes
871 618 968 640 nostre

48 669 131 693 litere
149 666 310 699 diriguntur
327 666 424 688 tenore
444 660 623 694 presentium
641 660 814 692 requirimus
830 662 858 684 et
874 667 969 684 monev

47 720 110 737 mus
132 710 222 743 primo
254 708 377 733 secundo
400 706 487 731 tercio
513 707 540 730 et
567 705 762 737 peremptorie
783 712 814 728 ac
838 704 917 728 vobis
941 706 969 727 et

47 758 177 782 vestrum
200 753 316 778 cuilibet
339 752 368 775 in
386 751 492 775 virtute
511 752 607 774 sancte
627 749 787 773 obedientie
805 751 832 773 et
852 748 903 772 sub
924 755 969 771 exe

49 795 314 825 communicationis
336 802 409 827 pena
439 802 521 826 quam
542 795 571 818 in
591 802 640 817 ros
659 795 686 817 et
703 795 830 817 vestrum
853 792 969 824 quemlis

50 846 100 870 bet
124 843 256 868 canonica
280 840 435 865 monitione
458 837 595 870 premissa
620 838 738 862 ferimus
764 838 793 862 in
811 837 863 869 hys
883 837 969 869 scrip-

47 890 92 920 tis,
111 888 164 913 nisi
180 886 301 911 feceritis
318 892 371 917 que
389 883 591 908 committimus
612 884 640 907 et
656 882 823 907 mandamus
842 881 968 906 districte

47 930 231 966 precipiendo
253 929 419 954 mandantes
445 928 586 960 quatenus
613 927 685 951 infra
711 934 758 950 scr
782 926 889 950 dierum
906 933 969 958 spa—

51 977 126 1001 cium
143 977 209 1007 post
222 973 465 1006 presentationem
486 979 534 995 seu
550 970 776 995 notificationem
791 970 968 1002 presentium

47 1021 128 1045 vobis
152 1027 201 1044 seu
222 1018 303 1042 alteri
326 1019 455 1041 vestrum
480 1016 581 1040 saetam
605 1017 632 1039 et
653 1017 803 1047 postquam
822 1023 874 1047 pro
888 1017 969 1047 parte

48 1065 113 1090 dicti
141 1063 244 1088 domini
271 1061 388 1086 Antonii
420 1060 453 1084 de
482 1059 612 1094 Eugubio
641 1059 745 1084 fiscalis
774 1057 968 1092 procuratoris

47 1108 213 1144 principalis
237 1107 336 1140 vigore
359 1104 534 1137 presentium
555 1111 639 1136 super
662 1103 715 1127 hoc
739 1103 852 1129 fueritis
877 1103 969 1135 requi-

49 1154 95 1179 siti
121 1160 171 1177 seu
192 1152 263 1176 alter
296 1152 422 1175 vestrum
450 1149 539 1173 suerit
566 1148 722 1180 requisitus
752 1149 903 1173 inmediate
928 1155 970 1173 se-

46 1197 214 1231 quentium,
233 1202 353 1227 quorum
373 1201 419 1218 sex
437 1193 544 1217 dierum
569 1193 639 1217 duos
656 1201 706 1225 pro
725 1193 814 1224 primo
831 1193 900 1217 duos
917 1200 967 1224 pro

49 1241 172 1267 secundo
195 1243 223 1264 et
243 1238 368 1270 reliquos
385 1237 455 1261 duos
474 1237 532 1261 dies
547 1237 625 1261 vobis
641 1237 781 1262 uniuersis
798 1239 826 1261 et
846 1237 968 1269 singulis

49 1284 220 1319 supradictis
247 1291 299 1314 pro
333 1282 420 1307 tercio
449 1284 476 1305 et
499 1281 692 1313 peremptorio
720 1281 842 1306 termino
871 1289 902 1305 ac
924 1289 968 1305 ca-

45 1331 148 1356 nonica
169 1327 326 1353 monitione
348 1326 545 1359 assignamuS,
578 1325 616 1350 ita
643 1329 739 1350 tamen
765 1326 838 1357 quod
863 1325 890 1349 in
913 1326 968 1356 hijs

48 1373 218 1407 exequendis
237 1379 310 1396 vnus
330 1371 458 1395 vestrum
480 1369 566 1394 alium
586 1377 644 1394 non
663 1371 808 1402 expectet,
828 1377 879 1394 nec
895 1370 968 1395 alter

46 1427 98 1452 pro
119 1418 173 1442 alio
190 1425 219 1441 se
236 1417 366 1445 excuset,
397 1414 540 1446 prefatum
560 1414 714 1446 Symouem
732 1415 858 1448 aliosque
881 1415 968 1438 inter-

47 1471 110 1488 esse
127 1462 261 1494 putantes
277 1460 305 1483 in
326 1467 423 1484 eorum
437 1458 559 1490 propriis
577 1459 707 1491 personis
724 1459 745 1483 si
760 1459 887 1490 ipsorum
905 1466 968 1491 pre-

47 1507 157 1532 sentias
179 1503 295 1529 comode
317 1504 421 1528 habere
442 1503 590 1535 poteritis,
613 1502 739 1534 alioquin
755 1502 847 1535 ipsum
868 1503 968 1535 Syme·

45 1559 112 1576 nem
138 1550 167 1574 in
191 1549 273 1573 domo
295 1555 345 1572 sua
371 1547 539 1580 prepositali
559 1546 623 1571 dicti
648 1547 815 1572 monasterii
844 1547 968 1579 aliosque

46 1595 187 1619 interesse
213 1593 346 1624 putantes
372 1592 401 1616 in
424 1589 558 1623 hospiciis
582 1591 792 1616 habitationum
814 1599 929 1616 suarum
946 1592 968 1615 si

49 1639 85 1663 ad
105 1639 195 1670 ipsam
219 1637 334 1661 domum
362 1635 562 1667 prepositalem
588 1642 619 1659 ac
646 1634 774 1668 hospicia
806 1636 969 1660 huiusmodi

47 1683 127 1707 robis
143 1684 222 1706 tutus
240 1681 337 1713 pateat
357 1687 487 1704 accessus
511 1682 540 1704 et
555 1680 647 1711 ipsum
667 1679 820 1712 Symonem
835 1681 862 1704 in
880 1681 970 1705 eccle-

50 1727 90 1752 sia
106 1726 172 1751 dicti
186 1725 349 1749 monasterii
372 1731 403 1748 ac
428 1724 497 1748 alios
516 1724 653 1748 interesse
670 1726 803 1756 putantes
827 1724 970 1756 supradic-

50 1774 95 1797 tos
119 1771 146 1795 in
169 1767 329 1802 parochiali
351 1776 401 1793 seu
419 1768 630 1800 parochialibus
655 1768 706 1792 sub
729 1776 783 1800 qua
803 1769 846 1792 rel
867 1769 967 1800 quibus

50 1816 160 1849 degunt
181 1816 209 1838 et
232 1814 396 1845 morantur,
431 1811 474 1836 sin
503 1815 597 1837 autem
626 1814 683 1836 tam
707 1812 799 1845 ipsum
823 1812 967 1837 Simonem

48 1867 133 1892 quam
157 1858 226 1882 alios
247 1856 424 1889 supradictos
447 1857 586 1881 interesse
608 1857 746 1882 habentes
765 1858 793 1881 in
810 1856 967 1881 cathedrali

48 1901 212 1928 Patauiensi
234 1908 264 1925 ac
288 1900 367 1925 dictis
390 1901 477 1932 ipsius
505 1900 669 1925 monasterii
696 1901 822 1926 ecclesiis
843 1908 874 1925 ac
904 1908 967 1933 par-

47 1946 167 1972 rochiali
189 1952 241 1969 seu
265 1944 491 1976 parrochialibus
514 1945 684 1977 supradictis
703 1944 818 1977 aliisque
841 1945 967 1970 ecclesiis

51 1994 80 2017 et
99 1990 167 2015 locis
192 1988 313 2021 publicis
336 1989 555 2020 quibuscunque
578 1990 625 2014 ubi
642 1989 754 2021 quando
773 1990 818 2014 vel
836 1990 966 2021 quotiens

55 2035 207 2067 expediens
235 2033 321 2058 fuerit
350 2033 424 2058 infra
445 2033 595 2058 missarum
618 2036 645 2057 et
669 2034 787 2058 aliorum
809 2034 970 2058 diuinorum

53 2078 209 2111 solempnia
218 2077 283 2102 dum
298 2077 400 2102 ibidem
415 2077 512 2109 populi
527 2077 678 2102 multitudo
696 2078 729 2102 ad
745 2077 840 2103 diuina
855 2078 970 2103 audien-

53 2123 118 2148 dum
139 2122 307 2147 conuenerit
332 2124 381 2146 aut
404 2121 472 2145 alias
498 2121 584 2146 fuerit
610 2125 799 2155 congregata,
833 2131 865 2148 ex
889 2126 969 2154 parte

51 2168 149 2192 nostra
166 2166 331 2199 ymouerius
354 2166 528 2198 apostolica,
556 2166 670 2198 publica
687 2165 742 2191 alta
757 2169 785 2192 et
799 2166 969 2200 intelligibili

53 2218 123 2235 voce
147 2211 340 2243 peremptorie
363 2211 448 2234 citare
471 2211 577 2235 curetis
599 2210 637 2235 ita
659 2213 755 2235 tamen
777 2211 850 2243 quod
871 2211 970 2235 verisi-

55 2255 119 2279 mile
137 2254 173 2279 sit
188 2254 350 2278 citationem
372 2257 499 2278 nostram
514 2254 674 2279 huiusmodi
691 2255 724 2279 ad
739 2256 864 2287 ipsorum
883 2256 970 2280 citan-

55 2298 153 2324 dorum
178 2297 367 2323 indubitatam
390 2298 525 2323 noticiam
545 2299 695 2330 deuenire,
716 2307 753 2323 ne
767 2300 800 2324 de
824 2301 970 2333 premissis

55 2344 83 2367 et
97 2341 288 2375 infrascriptis
304 2342 493 2376 ignorantiam
509 2343 631 2374 aliquam
652 2344 841 2376 praetendere
856 2345 972 2369 valeant

55 2393 105 2411 seu
131 2386 214 2410 etiam
243 2386 454 2418 quomodolibet
476 2387 619 2421 allegare,
653 2395 721 2419 quos
745 2396 797 2413 nos
819 2391 847 2413 et
873 2396 970 2413 eorum

55 2429 207 2461 quemlibet
226 2432 323 2455 tenore
343 2431 518 2463 presentium
541 2432 580 2456 sic
599 2432 720 2457 citamus
738 2435 877 2465 quatenus
894 2440 971 2457 sexa-

59 2472 168 2505 gesima
187 2473 230 2498 die
252 2477 318 2506 post
344 2474 507 2500 citationem
526 2479 651 2501 vestram
677 2476 836 2502 huiusmodi
854 2485 904 2510 per
921 2485 970 2501 ros

58 2516 104 2540 vel
125 2516 244 2541 alterum
268 2522 395 2544 vestrum
422 2519 460 2544 eis
489 2520 591 2545 factam
615 2520 767 2546 inmediate
790 2524 925 2553 sequente
951 2521 971 2545 si

57 2559 116 2584 dies
143 2560 202 2591 ipsa
224 2563 399 2596 sexagesima
421 2563 536 2589 iuridica
563 2565 665 2597 fuerit,
699 2568 727 2589 et
754 2572 805 2590 nos
830 2566 875 2590 vel
900 2565 971 2590 alius

56 2603 154 2628 forsan
176 2603 288 2629 interim
312 2606 375 2631 loco
398 2608 490 2633 nostri
515 2610 708 2643 surrogandus
733 2609 819 2641 judex
846 2612 873 2634 et
898 2619 972 2635 com-

56 2647 201 2673 missarius
225 2648 258 2673 ad
277 2650 342 2680 jura
360 2651 533 2678 reddendum
559 2657 587 2678 et
608 2660 707 2678 causas
728 2653 898 2678 audiendum
919 2662 971 2686 pro

1038 306 1171 331 tribunali
1192 305 1346 331 sederimus
1369 308 1417 330 aut
1437 306 1557 338 sederit,
1585 307 1709 338 alioquin
1729 307 1816 339 prima
1833 306 1875 330 die
1887 305 1959 336 juri-

1038 351 1097 375 dica
1121 353 1223 374 extunc
1252 350 1402 375 inmediate
1426 351 1571 382 sequenti,
1601 359 1654 383 qua
1671 359 1721 376 nos
1741 352 1786 376 uel
1805 358 1962 383 surrogan-

1037 395 1103 420 dum
1124 395 1247 426 judicem
1267 397 1296 419 et
1313 394 1539 419 commissarium
1558 396 1700 426 prefatum
1719 396 1809 420 Rome
1827 395 1873 419 uel
1890 394 1958 419 alibi

1036 441 1084 464 ubi
1101 443 1169 465 tunc
1187 440 1285 464 forsan
1300 439 1390 463 dictus
1407 439 1538 463 dominus
1555 442 1651 464 noster
1671 448 1743 472 papa
1756 449 1819 464 cum
1837 447 1887 464 sua
1900 440 1958 463 Ro-

1037 492 1119 509 mana
1142 484 1218 508 curia
1244 484 1379 509 residebit
1402 483 1435 507 ad
1456 483 1522 514 jura
1546 484 1721 508 reddendum
1743 487 1771 508 et
1792 491 1890 508 causas
1911 491 1960 507 au-

1037 529 1168 553 diendum
1184 536 1234 561 pro
1251 529 1384 553 tribunali
1400 527 1496 552 sedere
1514 526 1678 561 contigerit,
1699 531 1880 560 compareant
1897 535 1960 559 per-

1037 574 1176 598 sonaliter
1198 575 1226 597 et
1248 573 1276 597 in
1295 580 1394 597 eorum
1410 573 1531 604 propriis
1551 573 1681 605 personis
1698 572 1725 596 in
1740 573 1844 603 judicio
1863 579 1958 595 coram

1036 618 1116 642 nobis
1134 618 1162 641 in
1180 617 1309 642 domibus
1330 617 1537 641 habitationum
1560 618 1721 641 nostrarum
1738 618 1807 641 hora
1823 623 1959 648 nesporo-

1035 671 1098 687 rum
1121 661 1262 686 audientia
1286 660 1548 696 commissariorum
1574 663 1711 686 consueta
1735 661 1768 686 ad
1786 659 1959 692 responden-

1037 706 1102 731 dum
1127 705 1302 738 inquisitioni
1327 713 1377 738 per
1400 706 1542 737 prefatum
1567 706 1737 738 magistrum
1757 704 1911 729 Antonium
1926 704 1959 728 de

1036 750 1168 783 Eugubio
1192 752 1407 782 procuratorem
1424 750 1550 774 fiscalem
1568 753 1666 774 contra
1688 757 1751 774 eum
1777 749 1809 773 de
1830 751 1857 772 et
1875 755 1961 779 super

1036 795 1202 820 criminibus
1227 794 1389 819 excessibus
1410 802 1441 818 ac
1465 795 1576 819 delictis
1600 795 1627 819 in
1649 794 1720 818 dicta
1736 794 1896 827 preinserta
1910 799 1961 815 no-

1036 840 1079 864 bis
1101 839 1173 863 faeta
1200 841 1227 863 et
1250 842 1413 870 presentata
1433 839 1633 863 commissione
1653 839 1794 863 contentis
1812 835 1961 861 formanda

1037 892 1068 908 ac
1086 884 1117 908 ad
1137 884 1329 908 excusandum
1348 891 1377 907 sc
1407 884 1439 908 de
1466 884 1547 908 dictis
1569 884 1730 908 excessibus
1749 881 1914 906 criminibus
1932 882 1960 904 et

1037 929 1146 954 delictis
1164 928 1185 952 si
1205 936 1234 952 se
1250 935 1385 952 excusare
1405 928 1549 952 voluerint
1571 936 1621 952 seu
1638 928 1765 960 poterint
1782 926 1833 951 sub
1851 933 1962 949 mmm<

1037 972 1237 997 municationis
1262 973 1316 997 late
1343 972 1483 997 sententie
1508 973 1627 1004 aliisque
1652 972 1802 997 sententiis
1833 969 1961 994 censuris

1036 1020 1065 1042 et
1089 1017 1168 1049 penis
1190 1017 1218 1040 in
1245 1017 1306 1049 ipsa
1340 1015 1538 1041 commissione
1565 1017 1721 1046 contentis,
1756 1023 1824 1047 quas
1853 1022 1901 1038 eos
1932 1014 1961 1037 in

1036 1064 1172 1086 euentum
1192 1068 1249 1084 non
1274 1060 1489 1093 eomparitionis
1507 1061 1653 1084 incurrere
1673 1061 1804 1084 volumus
1823 1061 1883 1092 ipso
1900 1059 1958 1083 fac-

1036 1109 1076 1138 to,
1097 1106 1291 1131 certificantes
1314 1104 1519 1129 nichilominus
1543 1104 1656 1129 eosdem
1677 1105 1777 1129 citatos
1805 1103 1879 1135 quod
1901 1103 1961 1127 sire

1035 1153 1063 1176 in
1081 1152 1155 1176 dicto
1178 1149 1319 1174 citationis
1336 1149 1456 1174 termino
1480 1151 1512 1173 ut
1538 1149 1709 1181 premissum
1730 1151 1773 1173 est
1791 1155 1957 1180 comparere

1037 1195 1202 1221 curauerint
1218 1195 1278 1218 siue
1292 1201 1365 1224 non,
1394 1201 1445 1218 nos
1462 1193 1664 1217 nichilominus
1683 1194 1743 1218 siue
1764 1192 1960 1225 surrogandus

1032 1241 1117 1271 judex
1140 1241 1168 1263 et
1192 1238 1402 1263 commissarius
1425 1237 1569 1269 predictus
1592 1238 1625 1262 ad
1647 1239 1734 1277 partis
1765 1236 1958 1268 comparentis

1035 1287 1063 1309 et
1086 1291 1200 1308 causam
1223 1291 1273 1307 seu
1299 1290 1398 1307 causas
1422 1282 1585 1306 huiusmodi
1605 1283 1738 1314 prosequi
1773 1282 1898 1306 curantis
1920 1281 1963 1304 in-

1035 1329 1169 1353 stantiam
1195 1328 1229 1351 ad
1253 1327 1348 1351 omnia
1372 1329 1400 1351 et
1423 1327 1538 1360 singula
1561 1326 1590 1350 in
1607 1326 1667 1358 ipsa
1682 1327 1880 1351 commissione
1895 1333 1961 1349 con-

1035 1376 1114 1398 tenta
1138 1375 1167 1397 et
1190 1372 1258 1396 alias
1282 1374 1368 1403 prout
1387 1370 1495 1396 iustum
1517 1371 1604 1395 suerit
1625 1371 1813 1403 procedemus
1836 1377 1883 1394 seu
1899 1377 1963 1401 pro-

1037 1418 1137 1447 cedet⁷
1167 1416 1307 1440 dictorum
1329 1416 1482 1440 citatorum
1505 1415 1632 1440 absentia
1655 1423 1705 1440 seu
1730 1414 1908 1440 contumacia
1933 1414 1959 1438 in

1036 1463 1130 1494 aliquo
1164 1469 1221 1485 non
1249 1460 1437 1485 obstantibus.

1035 1505 1199 1532 huiusmodi
1223 1507 1308 1537 atque
1332 1505 1453 1528 sormam
1480 1506 1507 1528 et
1528 1504 1662 1536 quicquid
1680 1505 1708 1528 in
1727 1503 1872 1537 premissis
1887 1503 1960 1527 fece<

1035 1551 1098 1576 ritis
1124 1558 1174 1574 seu
1195 1549 1295 1580 aliquis
1319 1551 1448 1573 vestrum
1478 1548 1589 1572 duxerit
1611 1549 1772 1577 faciendum
1786 1567 1792 1577 ,
1814 1548 1896 1572 nobis
1914 1548 1960 1571 vel

1037 1594 1215 1628 surrogando
1240 1592 1327 1623 judici
1353 1600 1384 1617 ac
1415 1592 1608 1617 commissario
1636 1592 1748 1625 prefato
1771 1601 1822 1625 per
1852 1595 1961 1617 vestras

1033 1641 1165 1673 patentes
1192 1638 1289 1662 literas
1312 1637 1416 1670 sigillis
1432 1635 1586 1661 autenticis
1604 1637 1758 1670 sigillatas,
1786 1638 1834 1660 aut
1855 1637 1961 1661 instru-

1478 1459 1560 1484 Diem
1592 1467 1659 1484 vero
1693 1460 1836 1484 citationis
1864 1461 1959 1483 vestre

1035 1686 1165 1709 mentum
1185 1681 1331 1714 publicum
1353 1681 1453 1705 harum
1470 1681 1572 1705 seriem
1588 1683 1637 1705 aut
1655 1681 1885 1714 designationem
1902 1680 1961 1705 suf-

1035 1727 1183 1753 ficientem
1206 1726 1236 1750 in
1260 1734 1288 1750 se
1308 1726 1485 1749 continentes
1507 1733 1556 1750 seu
1574 1725 1726 1750 continens
1749 1725 1876 1749 renlissis
1897 1732 1962 1758 pre-

1035 1772 1162 1798 sentibus
1192 1770 1313 1795 fideliter
1342 1770 1475 1794 intimare
1507 1770 1628 1801 curetis,
1661 1769 1868 1794 absolutionem
1889 1776 1959 1793 vero

1037 1817 1162 1842 omnium
1184 1818 1213 1839 et
1235 1814 1414 1847 singulorum
1430 1812 1478 1845 qui
1493 1814 1637 1846 prefatam
1657 1816 1784 1838 nostram
1800 1821 1961 1838 excommu-

1037 1860 1186 1886 nicationis
1224 1859 1396 1883 sententiam
1431 1858 1602 1882 incurrerint
1634 1865 1682 1882 seu
1719 1857 1873 1882 incurrerit
1893 1865 1961 1889 quo-

1037 1904 1176 1938 quomodo
1197 1903 1278 1927 nobis
1292 1903 1336 1927 vel
1353 1903 1492 1935 superiori
1508 1904 1607 1927 nostro
1622 1902 1816 1927 tantummodo
1832 1909 1959 1926 reserua—

1037 1957 1109 1974 muS.

1106 1993 1140 2017 In
1159 2000 1279 2025 quorum
1298 1991 1423 2016 omnium
1440 1992 1468 2015 et
1488 1990 1667 2025 singulorum
1683 1991 1767 2015 fidem
1783 1993 1811 2015 et
1833 1992 1962 2015 testimo-

1035 2039 1114 2063 nium
1136 2038 1344 2070 premissorum
1368 2038 1517 2068 presentes
1549 2036 1644 2060 literas
1668 2038 1781 2060 nostras
1807 2036 1865 2059 sire
1895 2042 1959 2066 pre-

1036 2091 1100 2108 sens
1121 2082 1267 2115 publicum
1297 2081 1519 2105 instrumentum
1547 2078 1711 2104 huiusmodi
1742 2082 1867 2103 nostram
1892 2079 1960 2103 cita·

1037 2128 1145 2152 tionem
1170 2127 1199 2150 in
1222 2134 1253 2150 se
1277 2126 1456 2150 continentes
1483 2124 1543 2149 siue
1559 2123 1710 2149 continens
1729 2123 1828 2147 exinde
1852 2123 1913 2146 fieri
1930 2124 1958 2147 et

1036 2180 1088 2205 per
1106 2171 1248 2196 notarium
1270 2170 1416 2202 publicum
1438 2172 1625 2200 nostrumque
1644 2171 1671 2192 et
1693 2167 1855 2191 huiusmodi
1874 2174 1957 2191 cause

1037 2224 1132 2241 coram
1147 2215 1227 2240 nobis
1251 2215 1370 2238 scribam
1385 2213 1599 2245 infrascriptum
1615 2211 1751 2236 subscribi
1770 2213 1797 2234 et
1819 2210 1958 2242 publicari

1037 2258 1233 2286 mandauimus
1260 2258 1402 2291 sigillique
1429 2258 1518 2282 nostri
1548 2256 1683 2281 iussimus
1709 2257 1738 2279 et
1763 2255 1883 2279 fecimus
1910 2262 1960 2287 ap-

1037 2305 1173 2337 pensione
1191 2303 1369 2327 communiri.

1107 2348 1212 2372 Datum
1243 2349 1271 2371 et
1293 2349 1387 2371 actum
1418 2346 1508 2370 Rome
1534 2347 1561 2369 in
1591 2344 1717 2368 domibus
1751 2343 1960 2367 habitationum

1037 2394 1200 2418 nostrarum
1222 2391 1273 2416 sub
1299 2398 1372 2415 anno
1392 2398 1407 2415 a
1428 2390 1579 2414 natiuitate
1596 2389 1702 2412 domini
1725 2387 1874 2412 millesimo
1893 2393 1960 2418 qua-

1037 2436 1262 2470 dringentesimo
1283 2435 1458 2467 sexagesimo
1480 2435 1570 2466 primo
1588 2433 1728 2457 indicione
1742 2438 1816 2455 nona
1833 2431 1875 2454 die
1892 2438 1958 2454 vero

1036 2481 1117 2505 Jouis
1133 2480 1241 2504 decima
1257 2479 1379 2511 septima
1397 2479 1502 2503 mensis
1513 2477 1669 2502 decembris
1685 2476 1867 2508 pontificatus
1886 2474 1959 2498 eius-

1037 2524 1098 2549 dem
1120 2523 1290 2549 sanctissimi
1313 2523 1417 2547 domini
1438 2522 1529 2547 nostri
1555 2522 1659 2546 domini
1677 2520 1720 2545 Pii
1744 2519 1839 2544 diuina
1862 2518 1957 2550 proui-

1038 2569 1135 2593 dencia
1158 2575 1231 2600 pape
1256 2567 1374 2592 secundi
1395 2575 1470 2592 anno
1492 2569 1610 2599 quarto,
1643 2565 1828 2598 presentibus
1855 2562 1958 2586 ibidem

1037 2612 1250 2637 venerabilibus
1269 2612 1337 2636 viris
1358 2610 1478 2636 dominis
1499 2610 1621 2636 Antonio
1644 2610 1751 2634 Cuiano
1773 2607 1882 2632 Clerico
1906 2606 1956 2630 Ca-

1037 2656 1182 2682 meruensi
1208 2656 1310 2681 artium
1335 2657 1364 2680 et
1381 2656 1563 2688 philosophie
1590 2655 1726 2688 magistro
1748 2655 1775 2677 et
1796 2651 1883 2676 fratre
1901 2649 1957 2674 Au-
