<?xml version="1.0" encoding="UTF-8"?>
<!DOCTYPE html PUBLIC "-//W3C//DTD XHTML 1.0 Transitional//EN"
    "http://www.w3.org/TR/xhtml1/DTD/xhtml1-transitional.dtd">
<html xmlns="http://www.w3.org/1999/xhtml" xml:lang="en" lang="en">
 <head>
  <title>
</title>
<meta http-equiv="Content-Type" content="text/html;charset=utf-8" />
  <meta name='ocr-system' content='tesseract 3.04.00' />
  <meta name='ocr-capabilities' content='ocr_page ocr_carea ocr_par ocr_line ocrx_word'/>
</head>
<body>
  <div class='ocr_page' id='page_1' title='image "./regestachronolog01chmeuoft_0107.png"; bbox 0 0 2235 2859; ppageno 0'>
   <div class='ocr_carea' id='block_1_1' title="bbox 452 116 1615 177">
    <p class='ocr_par' dir='ltr' id='par_1_1' title="bbox 452 116 1615 177">
     <span class='ocr_line' id='line_1_1' title="bbox 452 116 1615 177; baseline -0.001 -14"><span class='ocrx_word' id='word_1_1' title='bbox 452 119 663 177; x_wconf 85' lang='lat' dir='ltr'><strong>Anhang.</strong></span> <span class='ocrx_word' id='word_1_2' title='bbox 695 117 858 176; x_wconf 72' lang='lat' dir='ltr'><strong>Kanig</strong></span> <span class='ocrx_word' id='word_1_3' title='bbox 888 116 1134 160; x_wconf 77' lang='lat' dir='ltr'><strong>Friedrich</strong></span> <span class='ocrx_word' id='word_1_4' title='bbox 1163 116 1245 161; x_wconf 92' lang='lat' dir='ltr'><strong>lV.</strong></span> <span class='ocrx_word' id='word_1_5' title='bbox 1281 127 1398 169; x_wconf 78' lang='grc'>1448,</span> <span class='ocrx_word' id='word_1_6' title='bbox 1427 129 1527 162; x_wconf 70' lang='lat' dir='ltr'><strong>Miirz</strong></span> <span class='ocrx_word' id='word_1_7' title='bbox 1556 128 1615 164; x_wconf 89' lang='grc'><strong>19.</strong></span> 
     </span>
    </p>
   </div>
   <div class='ocr_carea' id='block_1_2' title="bbox 1885 131 1981 164">
    <p class='ocr_par' dir='ltr' id='par_1_2' title="bbox 1885 131 1981 164">
     <span class='ocr_line' id='line_1_2' title="bbox 1885 131 1981 164; baseline 0 0"><span class='ocrx_word' id='word_1_8' title='bbox 1885 131 1981 164; x_wconf 89' lang='lat' dir='ltr'><strong>XCV</strong></span> 
     </span>
    </p>
   </div>
   <div class='ocr_carea' id='block_1_3' title="bbox 70 209 1984 228">
    <p class='ocr_par' dir='ltr' id='par_1_3' title="bbox 70 209 1984 228">
     <span class='ocr_line' id='line_1_3' title="bbox 70 209 1984 228; baseline 0 2631"><span class='ocrx_word' id='word_1_9' title='bbox 70 209 1984 228; x_wconf 95' lang='lat' dir='ltr'><strong> </strong></span> 
     </span>
    </p>
   </div>
   <div class='ocr_carea' id='block_1_4' title="bbox 56 266 988 2634">
    <p class='ocr_par' dir='ltr' id='par_1_4' title="bbox 56 266 988 2634">
     <span class='ocr_line' id='line_1_4' title="bbox 65 266 988 304; baseline -0.009 -6"><span class='ocrx_word' id='word_1_10' title='bbox 65 274 169 298; x_wconf 87' lang='lat' dir='ltr'><strong>tionem</strong></span> <span class='ocrx_word' id='word_1_11' title='bbox 185 279 236 297; x_wconf 85' lang='lat' dir='ltr'><strong>seu</strong></span> <span class='ocrx_word' id='word_1_12' title='bbox 252 270 370 304; x_wconf 90' lang='lat' dir='ltr'><strong>quenvis</strong></span> <span class='ocrx_word' id='word_1_13' title='bbox 386 270 473 296; x_wconf 89' lang='lat' dir='ltr'><strong>alium</strong></span> <span class='ocrx_word' id='word_1_14' title='bbox 490 269 604 294; x_wconf 86' lang='lat' dir='ltr'><strong>modum</strong></span> <span class='ocrx_word' id='word_1_15' title='bbox 616 268 720 294; x_wconf 87' lang='lat' dir='ltr'><strong>assumi</strong></span> <span class='ocrx_word' id='word_1_16' title='bbox 736 276 790 301; x_wconf 89' lang='lat' dir='ltr'><strong>que</strong></span> <span class='ocrx_word' id='word_1_17' title='bbox 800 266 921 301; x_wconf 87' lang='lat' dir='ltr'><strong>promoti</strong></span> <span class='ocrx_word' id='word_1_18' title='bbox 937 274 988 299; x_wconf 89' lang='lat' dir='ltr'><strong>per</strong></span> 
     </span>
     <span class='ocr_line' id='line_1_5' title="bbox 65 310 988 347; baseline -0.009 -5"><span class='ocrx_word' id='word_1_19' title='bbox 65 325 117 342; x_wconf 85' lang='lat' dir='ltr'><strong>nos</strong></span> <span class='ocrx_word' id='word_1_20' title='bbox 130 324 179 342; x_wconf 87' lang='lat' dir='ltr'><strong>seu</strong></span> <span class='ocrx_word' id='word_1_21' title='bbox 195 315 365 341; x_wconf 84' lang='lat' dir='ltr'><strong>auctoritate</strong></span> <span class='ocrx_word' id='word_1_22' title='bbox 383 316 481 339; x_wconf 82' lang='lat' dir='ltr'><strong>nostra</strong></span> <span class='ocrx_word' id='word_1_23' title='bbox 506 313 539 338; x_wconf 87' lang='lat' dir='ltr'><strong>ad</strong></span> <span class='ocrx_word' id='word_1_24' title='bbox 555 312 785 347; x_wconf 74' lang='lat' dir='ltr'>patriarchalium</span> <span class='ocrx_word' id='word_1_25' title='bbox 803 310 988 343; x_wconf 81' lang='lat' dir='ltr'><strong>archiepisco-</strong></span> 
     </span>
     <span class='ocr_line' id='line_1_6' title="bbox 65 354 985 394; baseline -0.008 -9"><span class='ocrx_word' id='word_1_26' title='bbox 65 361 172 394; x_wconf 77' lang='lat' dir='ltr'>palium</span> <span class='ocrx_word' id='word_1_27' title='bbox 200 359 401 393; x_wconf 80' lang='lat' dir='ltr'>episcopalium</span> <span class='ocrx_word' id='word_1_28' title='bbox 436 358 622 383; x_wconf 84' lang='lat' dir='ltr'><strong>ecclesiarum</strong></span> <span class='ocrx_word' id='word_1_29' title='bbox 647 363 698 381; x_wconf 88' lang='lat' dir='ltr'><strong>nec</strong></span> <span class='ocrx_word' id='word_1_30' title='bbox 723 363 781 380; x_wconf 89' lang='lat' dir='ltr'><strong>non</strong></span> <span class='ocrx_word' id='word_1_31' title='bbox 800 354 985 379; x_wconf 85' lang='lat' dir='ltr'><strong>monasterio-</strong></span> 
     </span>
     <span class='ocr_line' id='line_1_7' title="bbox 63 398 984 438; baseline -0.009 -9"><span class='ocrx_word' id='word_1_32' title='bbox 63 412 124 429; x_wconf 89' lang='lat' dir='ltr'><strong>rum</strong></span> <span class='ocrx_word' id='word_1_33' title='bbox 147 403 287 438; x_wconf 79' lang='lat' dir='ltr'>regimina</span> <span class='ocrx_word' id='word_1_34' title='bbox 311 402 477 427; x_wconf 83' lang='lat' dir='ltr'><strong>obtinebant</strong></span> <span class='ocrx_word' id='word_1_35' title='bbox 499 404 627 434; x_wconf 87' lang='lat' dir='ltr'><strong>tempore</strong></span> <span class='ocrx_word' id='word_1_36' title='bbox 652 399 838 433; x_wconf 79' lang='lat' dir='ltr'><strong>promotionis</strong></span> <span class='ocrx_word' id='word_1_37' title='bbox 861 398 894 423; x_wconf 86' lang='lat' dir='ltr'><strong>de</strong></span> <span class='ocrx_word' id='word_1_38' title='bbox 917 398 984 430; x_wconf 82' lang='lat' dir='ltr'><strong>ipsis</strong></span> 
     </span>
     <span class='ocr_line' id='line_1_8' title="bbox 62 442 983 480; baseline -0.008 -7"><span class='ocrx_word' id='word_1_39' title='bbox 62 449 142 480; x_wconf 80' lang='lat' dir='ltr'><strong>t&#39;acte,</strong></span> <span class='ocrx_word' id='word_1_40' title='bbox 152 455 226 472; x_wconf 89' lang='lat' dir='ltr'><strong>nunc</strong></span> <span class='ocrx_word' id='word_1_41' title='bbox 235 454 402 479; x_wconf 87' lang='lat' dir='ltr'><strong>quocunque</strong></span> <span class='ocrx_word' id='word_1_42' title='bbox 413 447 494 471; x_wconf 88' lang='lat' dir='ltr'><strong>modo</strong></span> <span class='ocrx_word' id='word_1_43' title='bbox 507 445 636 470; x_wconf 84' lang='lat' dir='ltr'><strong>vacantia</strong></span> <span class='ocrx_word' id='word_1_44' title='bbox 648 446 697 468; x_wconf 87' lang='lat' dir='ltr'><strong>aut</strong></span> <span class='ocrx_word' id='word_1_45' title='bbox 707 442 894 475; x_wconf 82' lang='lat' dir='ltr'><strong>imposterum</strong></span> <span class='ocrx_word' id='word_1_46' title='bbox 903 450 983 467; x_wconf 87' lang='lat' dir='ltr'><strong>vaca-</strong></span> 
     </span>
     <span class='ocr_line' id='line_1_9' title="bbox 60 486 981 522; baseline -0.008 -6"><span class='ocrx_word' id='word_1_47' title='bbox 60 494 124 517; x_wconf 85' lang='lat' dir='ltr'><strong>tura</strong></span> <span class='ocrx_word' id='word_1_48' title='bbox 145 499 198 516; x_wconf 86' lang='lat' dir='ltr'><strong>nec</strong></span> <span class='ocrx_word' id='word_1_49' title='bbox 217 499 274 515; x_wconf 88' lang='lat' dir='ltr'><strong>non</strong></span> <span class='ocrx_word' id='word_1_50' title='bbox 290 490 374 515; x_wconf 83' lang='lat' dir='ltr'><strong>etiam</strong></span> <span class='ocrx_word' id='word_1_51' title='bbox 393 498 446 522; x_wconf 88' lang='lat' dir='ltr'><strong>que</strong></span> <span class='ocrx_word' id='word_1_52' title='bbox 465 497 515 522; x_wconf 87' lang='lat' dir='ltr'><strong>per</strong></span> <span class='ocrx_word' id='word_1_53' title='bbox 529 487 734 513; x_wconf 78' lang='lat' dir='ltr'><strong>assecutionem</strong></span> <span class='ocrx_word' id='word_1_54' title='bbox 752 486 898 521; x_wconf 84' lang='lat' dir='ltr'><strong>pacificam</strong></span> <span class='ocrx_word' id='word_1_55' title='bbox 914 494 981 518; x_wconf 87' lang='lat' dir='ltr'><strong>quo-</strong></span> 
     </span>
     <span class='ocr_line' id='line_1_10' title="bbox 61 530 984 568; baseline -0.008 -8"><span class='ocrx_word' id='word_1_56' title='bbox 61 543 237 568; x_wconf 85' lang='lat' dir='ltr'><strong>rumcunque</strong></span> <span class='ocrx_word' id='word_1_57' title='bbox 263 535 439 568; x_wconf 79' lang='lat' dir='ltr'><strong>prioratuum</strong></span> <span class='ocrx_word' id='word_1_58' title='bbox 460 534 662 567; x_wconf 81' lang='lat' dir='ltr'><strong>personatuum</strong></span> <span class='ocrx_word' id='word_1_59' title='bbox 684 531 844 555; x_wconf 83' lang='lat' dir='ltr'><strong>officiorum</strong></span> <span class='ocrx_word' id='word_1_60' title='bbox 870 530 984 555; x_wconf 87' lang='lat' dir='ltr'><strong>canoni-</strong></span> 
     </span>
     <span class='ocr_line' id='line_1_11' title="bbox 63 574 983 613; baseline -0.008 -8"><span class='ocrx_word' id='word_1_61' title='bbox 63 583 175 605; x_wconf 79' lang='lat' dir='ltr'><strong>camum</strong></span> <span class='ocrx_word' id='word_1_62' title='bbox 193 579 400 613; x_wconf 80' lang='lat' dir='ltr'><strong>prebendarum</strong></span> <span class='ocrx_word' id='word_1_63' title='bbox 419 577 598 602; x_wconf 87' lang='lat' dir='ltr'><strong>ecclesiarum</strong></span> <span class='ocrx_word' id='word_1_64' title='bbox 623 578 672 600; x_wconf 85' lang='lat' dir='ltr'><strong>aut</strong></span> <span class='ocrx_word' id='word_1_65' title='bbox 691 574 896 600; x_wconf 83' lang='lat' dir='ltr'><strong>beneficiorum</strong></span> <span class='ocrx_word' id='word_1_66' title='bbox 915 575 983 599; x_wconf 88' lang='lat' dir='ltr'><strong>alio-</strong></span> 
     </span>
     <span class='ocr_line' id='line_1_12' title="bbox 62 619 983 656; baseline -0.005 -8"><span class='ocrx_word' id='word_1_67' title='bbox 62 632 124 648; x_wconf 90' lang='lat' dir='ltr'><strong>rum</strong></span> <span class='ocrx_word' id='word_1_68' title='bbox 146 632 199 656; x_wconf 89' lang='lat' dir='ltr'><strong>per</strong></span> <span class='ocrx_word' id='word_1_69' title='bbox 223 631 275 648; x_wconf 88' lang='lat' dir='ltr'><strong>nos</strong></span> <span class='ocrx_word' id='word_1_70' title='bbox 304 631 354 648; x_wconf 85' lang='lat' dir='ltr'><strong>seu</strong></span> <span class='ocrx_word' id='word_1_71' title='bbox 372 622 538 647; x_wconf 83' lang='lat' dir='ltr'><strong>auctoritate</strong></span> <span class='ocrx_word' id='word_1_72' title='bbox 564 620 727 644; x_wconf 85' lang='lat' dir='ltr'><strong>litterarum</strong></span> <span class='ocrx_word' id='word_1_73' title='bbox 747 622 910 644; x_wconf 87' lang='lat' dir='ltr'><strong>nostrarum</strong></span> <span class='ocrx_word' id='word_1_74' title='bbox 933 619 983 643; x_wconf 86' lang='lat' dir='ltr'><strong>im-</strong></span> 
     </span>
     <span class='ocr_line' id='line_1_13' title="bbox 63 664 983 696; baseline -0.007 -3"><span class='ocrx_word' id='word_1_75' title='bbox 63 668 182 693; x_wconf 76' lang='lat' dir='ltr'><strong>mediate</strong></span> <span class='ocrx_word' id='word_1_76' title='bbox 197 667 365 692; x_wconf 82' lang='lat' dir='ltr'><strong>collatorum</strong></span> <span class='ocrx_word' id='word_1_77' title='bbox 390 673 439 691; x_wconf 89' lang='lat' dir='ltr'><strong>seu</strong></span> <span class='ocrx_word' id='word_1_78' title='bbox 461 664 700 689; x_wconf 74' lang='lat' dir='ltr'><strong>conserendorum</strong></span> <span class='ocrx_word' id='word_1_79' title='bbox 717 664 904 696; x_wconf 77' lang='lat' dir='ltr'><strong>imposterum</strong></span> <span class='ocrx_word' id='word_1_80' title='bbox 920 670 983 696; x_wconf 87' lang='lat' dir='ltr'><strong>pre-</strong></span> 
     </span>
     <span class='ocr_line' id='line_1_14' title="bbox 64 708 983 744; baseline -0.005 -7"><span class='ocrx_word' id='word_1_81' title='bbox 64 715 193 744; x_wconf 87' lang='lat' dir='ltr'><strong>terquam</strong></span> <span class='ocrx_word' id='word_1_82' title='bbox 214 711 236 736; x_wconf 88' lang='lat' dir='ltr'><strong>si</strong></span> <span class='ocrx_word' id='word_1_83' title='bbox 252 711 355 736; x_wconf 74' lang='lat' dir='ltr'><strong>virtute</strong></span> <span class='ocrx_word' id='word_1_84' title='bbox 376 710 467 744; x_wconf 80' lang='lat' dir='ltr'><strong>gratie</strong></span> <span class='ocrx_word' id='word_1_85' title='bbox 488 709 665 741; x_wconf 83' lang='lat' dir='ltr'><strong>expectative</strong></span> <span class='ocrx_word' id='word_1_86' title='bbox 681 708 824 733; x_wconf 78' lang='lat' dir='ltr'><strong>assecutio</strong></span> <span class='ocrx_word' id='word_1_87' title='bbox 841 708 889 733; x_wconf 84' lang='lat' dir='ltr'><strong>fiat</strong></span> <span class='ocrx_word' id='word_1_88' title='bbox 906 715 983 732; x_wconf 89' lang='lat' dir='ltr'><strong>nunc</strong></span> 
     </span>
     <span class='ocr_line' id='line_1_15' title="bbox 64 752 983 785; baseline -0.005 -5"><span class='ocrx_word' id='word_1_89' title='bbox 64 757 194 780; x_wconf 86' lang='lat' dir='ltr'><strong>vacantia</strong></span> <span class='ocrx_word' id='word_1_90' title='bbox 211 758 239 780; x_wconf 89' lang='lat' dir='ltr'><strong>et</strong></span> <span class='ocrx_word' id='word_1_91' title='bbox 258 756 287 780; x_wconf 89' lang='lat' dir='ltr'><strong>in</strong></span> <span class='ocrx_word' id='word_1_92' title='bbox 303 758 383 779; x_wconf 86' lang='lat' dir='ltr'><strong>antea</strong></span> <span class='ocrx_word' id='word_1_93' title='bbox 403 755 537 778; x_wconf 84' lang='lat' dir='ltr'><strong>vacatura</strong></span> <span class='ocrx_word' id='word_1_94' title='bbox 555 753 638 785; x_wconf 86' lang='lat' dir='ltr'><strong>plena</strong></span> <span class='ocrx_word' id='word_1_95' title='bbox 656 760 742 785; x_wconf 82' lang='lat' dir='ltr'><strong>super</strong></span> <span class='ocrx_word' id='word_1_96' title='bbox 760 752 906 785; x_wconf 79' lang='lat' dir='ltr'><strong>premissis</strong></span> <span class='ocrx_word' id='word_1_97' title='bbox 924 759 983 775; x_wconf 90' lang='lat' dir='ltr'><strong>om-</strong></span> 
     </span>
     <span class='ocr_line' id='line_1_16' title="bbox 64 794 983 833; baseline -0.007 -8"><span class='ocrx_word' id='word_1_98' title='bbox 64 800 150 825; x_wconf 86' lang='lat' dir='ltr'><strong>nibus</strong></span> <span class='ocrx_word' id='word_1_99' title='bbox 170 802 198 824; x_wconf 90' lang='lat' dir='ltr'><strong>et</strong></span> <span class='ocrx_word' id='word_1_100' title='bbox 216 798 335 833; x_wconf 80' lang='lat' dir='ltr'><strong>singulis</strong></span> <span class='ocrx_word' id='word_1_101' title='bbox 353 806 417 822; x_wconf 87' lang='lat' dir='ltr'><strong>cnm</strong></span> <span class='ocrx_word' id='word_1_102' title='bbox 435 795 571 822; x_wconf 80' lang='lat' dir='ltr'><strong>fratribus</strong></span> <span class='ocrx_word' id='word_1_103' title='bbox 588 797 695 821; x_wconf 89' lang='lat' dir='ltr'><strong>nostris</strong></span> <span class='ocrx_word' id='word_1_104' title='bbox 712 796 862 821; x_wconf 85' lang='lat' dir='ltr'><strong>collatione</strong></span> <span class='ocrx_word' id='word_1_105' title='bbox 883 794 983 828; x_wconf 77' lang='lat' dir='ltr'><strong>prelia-</strong></span> 
     </span>
     <span class='ocr_line' id='line_1_17' title="bbox 64 839 982 872; baseline -0.007 -3"><span class='ocrx_word' id='word_1_106' title='bbox 64 844 124 869; x_wconf 88' lang='lat' dir='ltr'><strong>bita</strong></span> <span class='ocrx_word' id='word_1_107' title='bbox 139 847 167 869; x_wconf 87' lang='lat' dir='ltr'><strong>et</strong></span> <span class='ocrx_word' id='word_1_108' title='bbox 182 846 289 868; x_wconf 90' lang='lat' dir='ltr'><strong>matura</strong></span> <span class='ocrx_word' id='word_1_109' title='bbox 299 841 501 867; x_wconf 82' lang='lat' dir='ltr'><strong>deliberatione</strong></span> <span class='ocrx_word' id='word_1_110' title='bbox 516 843 611 865; x_wconf 86' lang='lat' dir='ltr'><strong>secuta</strong></span> <span class='ocrx_word' id='word_1_111' title='bbox 627 841 794 865; x_wconf 84' lang='lat' dir='ltr'><strong>ordinationi</strong></span> <span class='ocrx_word' id='word_1_112' title='bbox 806 839 982 872; x_wconf 80' lang='lat' dir='ltr'><strong>dispositioni</strong></span> 
     </span>
     <span class='ocr_line' id='line_1_18' title="bbox 65 883 982 920; baseline -0.005 -8"><span class='ocrx_word' id='word_1_113' title='bbox 65 895 98 912; x_wconf 92' lang='lat' dir='ltr'><strong>ac</strong></span> <span class='ocrx_word' id='word_1_114' title='bbox 112 887 266 920; x_wconf 79' lang='lat' dir='ltr'><strong>provisioni</strong></span> <span class='ocrx_word' id='word_1_115' title='bbox 281 888 377 910; x_wconf 87' lang='lat' dir='ltr'><strong>nostre</strong></span> <span class='ocrx_word' id='word_1_116' title='bbox 399 885 432 910; x_wconf 89' lang='lat' dir='ltr'><strong>de</strong></span> <span class='ocrx_word' id='word_1_117' title='bbox 447 885 573 918; x_wconf 89' lang='lat' dir='ltr'><strong>ipsorum</strong></span> <span class='ocrx_word' id='word_1_118' title='bbox 592 884 711 910; x_wconf 76' lang='lat' dir='ltr'><strong>fratrum</strong></span> <span class='ocrx_word' id='word_1_119' title='bbox 727 884 844 909; x_wconf 85' lang='lat' dir='ltr'><strong>consilio</strong></span> <span class='ocrx_word' id='word_1_120' title='bbox 862 883 982 908; x_wconf 84' lang='lat' dir='ltr'><strong>auctori-</strong></span> 
     </span>
     <span class='ocr_line' id='line_1_19' title="bbox 65 928 983 963; baseline -0.004 -7"><span class='ocrx_word' id='word_1_121' title='bbox 65 934 122 956; x_wconf 83' lang='lat' dir='ltr'><strong>tate</strong></span> <span class='ocrx_word' id='word_1_122' title='bbox 145 929 297 963; x_wconf 87' lang='lat' dir='ltr'><strong>apostolica</strong></span> <span class='ocrx_word' id='word_1_123' title='bbox 314 936 494 954; x_wconf 77' lang='lat' dir='ltr'><strong>reservamus</strong></span> <span class='ocrx_word' id='word_1_124' title='bbox 516 929 704 954; x_wconf 81' lang='lat' dir='ltr'><strong>decernentes</strong></span> <span class='ocrx_word' id='word_1_125' title='bbox 721 936 752 953; x_wconf 85' lang='lat' dir='ltr'><strong>ex</strong></span> <span class='ocrx_word' id='word_1_126' title='bbox 775 936 851 952; x_wconf 85' lang='lat' dir='ltr'><strong>nunc</strong></span> <span class='ocrx_word' id='word_1_127' title='bbox 872 928 983 952; x_wconf 88' lang='lat' dir='ltr'><strong>irritum</strong></span> 
     </span>
     <span class='ocr_line' id='line_1_20' title="bbox 65 973 983 1006; baseline -0.005 -6"><span class='ocrx_word' id='word_1_128' title='bbox 65 977 94 1000; x_wconf 84' lang='lat' dir='ltr'><strong>et</strong></span> <span class='ocrx_word' id='word_1_129' title='bbox 111 976 192 999; x_wconf 84' lang='lat' dir='ltr'><strong>inane</strong></span> <span class='ocrx_word' id='word_1_130' title='bbox 214 973 236 997; x_wconf 84' lang='lat' dir='ltr'><strong>si</strong></span> <span class='ocrx_word' id='word_1_131' title='bbox 256 981 338 998; x_wconf 87' lang='lat' dir='ltr'><strong>secus</strong></span> <span class='ocrx_word' id='word_1_132' title='bbox 359 980 444 1006; x_wconf 87' lang='lat' dir='ltr'><strong>super</strong></span> <span class='ocrx_word' id='word_1_133' title='bbox 467 973 613 1006; x_wconf 82' lang='lat' dir='ltr'><strong>premissis</strong></span> <span class='ocrx_word' id='word_1_134' title='bbox 634 976 661 997; x_wconf 91' lang='lat' dir='ltr'><strong>et</strong></span> <span class='ocrx_word' id='word_1_135' title='bbox 676 973 801 1005; x_wconf 90' lang='lat' dir='ltr'><strong>quolibet</strong></span> <span class='ocrx_word' id='word_1_136' title='bbox 819 980 916 996; x_wconf 89' lang='lat' dir='ltr'><strong>eorum</strong></span> <span class='ocrx_word' id='word_1_137' title='bbox 931 979 983 1004; x_wconf 92' lang='lat' dir='ltr'><strong>per</strong></span> 
     </span>
     <span class='ocr_line' id='line_1_21' title="bbox 63 1016 982 1050; baseline -0.004 -7"><span class='ocrx_word' id='word_1_138' title='bbox 63 1024 246 1050; x_wconf 89' lang='lat' dir='ltr'><strong>quoscunque</strong></span> <span class='ocrx_word' id='word_1_139' title='bbox 271 1017 370 1049; x_wconf 89' lang='lat' dir='ltr'><strong>quavis</strong></span> <span class='ocrx_word' id='word_1_140' title='bbox 399 1018 566 1042; x_wconf 87' lang='lat' dir='ltr'><strong>auctoritate</strong></span> <span class='ocrx_word' id='word_1_141' title='bbox 592 1017 715 1041; x_wconf 81' lang='lat' dir='ltr'><strong>scienter</strong></span> <span class='ocrx_word' id='word_1_142' title='bbox 746 1017 792 1041; x_wconf 83' lang='lat' dir='ltr'><strong>vel</strong></span> <span class='ocrx_word' id='word_1_143' title='bbox 816 1016 982 1049; x_wconf 72' lang='lat' dir='ltr'><strong>ignoranter</strong></span> 
     </span>
     <span class='ocr_line' id='line_1_22' title="bbox 63 1061 981 1095; baseline -0.003 -9"><span class='ocrx_word' id='word_1_144' title='bbox 63 1061 214 1095; x_wconf 78' lang='lat' dir='ltr'><strong>contigerit</strong></span> <span class='ocrx_word' id='word_1_145' title='bbox 237 1062 416 1093; x_wconf 83' lang='lat' dir='ltr'><strong>attemptari.</strong></span> <span class='ocrx_word' id='word_1_146' title='bbox 437 1061 509 1086; x_wconf 83' lang='lat' dir='ltr'><strong>Item</strong></span> <span class='ocrx_word' id='word_1_147' title='bbox 532 1061 626 1093; x_wconf 87' lang='lat' dir='ltr'><strong>placet</strong></span> <span class='ocrx_word' id='word_1_148' title='bbox 641 1061 723 1085; x_wconf 88' lang='lat' dir='ltr'><strong>nobis</strong></span> <span class='ocrx_word' id='word_1_149' title='bbox 740 1061 811 1093; x_wconf 85' lang='lat' dir='ltr'><strong>quod</strong></span> <span class='ocrx_word' id='word_1_150' title='bbox 831 1061 859 1084; x_wconf 88' lang='lat' dir='ltr'><strong>in</strong></span> <span class='ocrx_word' id='word_1_151' title='bbox 878 1062 981 1084; x_wconf 89' lang='lat' dir='ltr'><strong>metro-</strong></span> 
     </span>
     <span class='ocr_line' id='line_1_23' title="bbox 60 1103 981 1138; baseline -0.001 -9"><span class='ocrx_word' id='word_1_152' title='bbox 60 1105 193 1138; x_wconf 89' lang='lat' dir='ltr'><strong>politanis</strong></span> <span class='ocrx_word' id='word_1_153' title='bbox 213 1107 241 1129; x_wconf 87' lang='lat' dir='ltr'><strong>et</strong></span> <span class='ocrx_word' id='word_1_154' title='bbox 258 1104 466 1129; x_wconf 85' lang='lat' dir='ltr'><strong>cathedralibus</strong></span> <span class='ocrx_word' id='word_1_155' title='bbox 491 1105 574 1129; x_wconf 86' lang='lat' dir='ltr'><strong>etiam</strong></span> <span class='ocrx_word' id='word_1_156' title='bbox 592 1105 750 1129; x_wconf 85' lang='lat' dir='ltr'><strong>immediate</strong></span> <span class='ocrx_word' id='word_1_157' title='bbox 773 1113 832 1129; x_wconf 90' lang='lat' dir='ltr'><strong>non</strong></span> <span class='ocrx_word' id='word_1_158' title='bbox 849 1103 981 1128; x_wconf 88' lang='lat' dir='ltr'><strong>subiectis</strong></span> 
     </span>
     <span class='ocr_line' id='line_1_24' title="bbox 60 1148 982 1180; baseline -0.003 -6"><span class='ocrx_word' id='word_1_159' title='bbox 60 1148 187 1174; x_wconf 82' lang='lat' dir='ltr'><strong>ecclesiis</strong></span> <span class='ocrx_word' id='word_1_160' title='bbox 209 1151 238 1173; x_wconf 88' lang='lat' dir='ltr'><strong>et</strong></span> <span class='ocrx_word' id='word_1_161' title='bbox 261 1149 289 1173; x_wconf 89' lang='lat' dir='ltr'><strong>in</strong></span> <span class='ocrx_word' id='word_1_162' title='bbox 303 1149 483 1174; x_wconf 88' lang='lat' dir='ltr'><strong>monasteriis</strong></span> <span class='ocrx_word' id='word_1_163' title='bbox 505 1149 665 1174; x_wconf 86' lang='lat' dir='ltr'><strong>immediate</strong></span> <span class='ocrx_word' id='word_1_164' title='bbox 687 1148 821 1174; x_wconf 83' lang='lat' dir='ltr'><strong>subiectis</strong></span> <span class='ocrx_word' id='word_1_165' title='bbox 841 1148 899 1172; x_wconf 86' lang='lat' dir='ltr'><strong>sedi</strong></span> <span class='ocrx_word' id='word_1_166' title='bbox 916 1155 982 1180; x_wconf 87' lang='lat' dir='ltr'><strong>apo-</strong></span> 
     </span>
     <span class='ocr_line' id='line_1_25' title="bbox 60 1192 983 1225; baseline -0.001 -8"><span class='ocrx_word' id='word_1_167' title='bbox 60 1193 159 1218; x_wconf 85' lang='lat' dir='ltr'><strong>stolice</strong></span> <span class='ocrx_word' id='word_1_168' title='bbox 174 1192 243 1217; x_wconf 82' lang='lat' dir='ltr'><strong>fiant</strong></span> <span class='ocrx_word' id='word_1_169' title='bbox 257 1193 411 1218; x_wconf 84' lang='lat' dir='ltr'><strong>electiones</strong></span> <span class='ocrx_word' id='word_1_170' title='bbox 427 1193 562 1218; x_wconf 87' lang='lat' dir='ltr'><strong>canonice</strong></span> <span class='ocrx_word' id='word_1_171' title='bbox 581 1201 634 1225; x_wconf 92' lang='lat' dir='ltr'><strong>que</strong></span> <span class='ocrx_word' id='word_1_172' title='bbox 651 1193 684 1217; x_wconf 85' lang='lat' dir='ltr'><strong>ad</strong></span> <span class='ocrx_word' id='word_1_173' title='bbox 703 1193 803 1217; x_wconf 85' lang='lat' dir='ltr'><strong>dictam</strong></span> <span class='ocrx_word' id='word_1_174' title='bbox 822 1192 915 1216; x_wconf 86' lang='lat' dir='ltr'><strong>sedem</strong></span> <span class='ocrx_word' id='word_1_175' title='bbox 937 1192 983 1216; x_wconf 86' lang='lat' dir='ltr'><strong>de-</strong></span> 
     </span>
     <span class='ocr_line' id='line_1_26' title="bbox 60 1236 983 1269; baseline -0.002 -7"><span class='ocrx_word' id='word_1_176' title='bbox 60 1237 190 1262; x_wconf 78' lang='lat' dir='ltr'><strong>ferantur</strong></span> <span class='ocrx_word' id='word_1_177' title='bbox 214 1244 282 1269; x_wconf 83' lang='lat' dir='ltr'><strong>quas</strong></span> <span class='ocrx_word' id='word_1_178' title='bbox 304 1237 388 1262; x_wconf 81' lang='lat' dir='ltr'><strong>etiam</strong></span> <span class='ocrx_word' id='word_1_179' title='bbox 408 1237 441 1261; x_wconf 88' lang='lat' dir='ltr'><strong>ad</strong></span> <span class='ocrx_word' id='word_1_180' title='bbox 464 1239 576 1269; x_wconf 87' lang='lat' dir='ltr'><strong>tempus</strong></span> <span class='ocrx_word' id='word_1_181' title='bbox 595 1237 783 1262; x_wconf 84' lang='lat' dir='ltr'><strong>constitutum</strong></span> <span class='ocrx_word' id='word_1_182' title='bbox 801 1236 829 1260; x_wconf 93' lang='lat' dir='ltr'><strong>in</strong></span> <span class='ocrx_word' id='word_1_183' title='bbox 844 1236 983 1260; x_wconf 84' lang='lat' dir='ltr'><strong>constitu-</strong></span> 
     </span>
     <span class='ocr_line' id='line_1_27' title="bbox 59 1280 983 1314; baseline -0.002 -8"><span class='ocrx_word' id='word_1_184' title='bbox 59 1282 137 1306; x_wconf 81' lang='lat' dir='ltr'><strong>tione</strong></span> <span class='ocrx_word' id='word_1_185' title='bbox 147 1281 236 1306; x_wconf 82' lang='lat' dir='ltr'><strong>felicis</strong></span> <span class='ocrx_word' id='word_1_186' title='bbox 244 1281 449 1305; x_wconf 89' lang='lat' dir='ltr'><strong>recordationis</strong></span> <span class='ocrx_word' id='word_1_187' title='bbox 458 1280 567 1306; x_wconf 85' lang='lat' dir='ltr'><strong>Nicolai</strong></span> <span class='ocrx_word' id='word_1_188' title='bbox 576 1288 648 1314; x_wconf 89' lang='lat' dir='ltr'><strong>pape</strong></span> <span class='ocrx_word' id='word_1_189' title='bbox 659 1280 707 1305; x_wconf 86' lang='lat'>111.</span> <span class='ocrx_word' id='word_1_190' title='bbox 717 1288 770 1312; x_wconf 85' lang='lat' dir='ltr'><strong>que</strong></span> <span class='ocrx_word' id='word_1_191' title='bbox 781 1280 879 1312; x_wconf 89' lang='lat' dir='ltr'><strong>incipit</strong></span> <span class='ocrx_word' id='word_1_192' title='bbox 889 1280 983 1312; x_wconf 78' lang='lat' dir='ltr'><strong>„cupi-</strong></span> 
     </span>
     <span class='ocr_line' id='line_1_28' title="bbox 59 1325 983 1359; baseline -0.003 -9"><span class='ocrx_word' id='word_1_193' title='bbox 59 1327 156 1350; x_wconf 80' lang='lat' dir='ltr'><strong>entes”</strong></span> <span class='ocrx_word' id='word_1_194' title='bbox 168 1325 378 1359; x_wconf 82' lang='lat' dir='ltr'><strong>expectabimus</strong></span> <span class='ocrx_word' id='word_1_195' title='bbox 396 1328 423 1349; x_wconf 88' lang='lat' dir='ltr'><strong>et</strong></span> <span class='ocrx_word' id='word_1_196' title='bbox 439 1325 519 1358; x_wconf 89' lang='lat' dir='ltr'><strong>lapso</strong></span> <span class='ocrx_word' id='word_1_197' title='bbox 530 1325 605 1349; x_wconf 86' lang='lat' dir='ltr'><strong>dicto</strong></span> <span class='ocrx_word' id='word_1_198' title='bbox 617 1328 744 1357; x_wconf 78' lang='lat' dir='ltr'><strong>tempore</strong></span> <span class='ocrx_word' id='word_1_199' title='bbox 761 1325 782 1348; x_wconf 86' lang='lat' dir='ltr'><strong>si</strong></span> <span class='ocrx_word' id='word_1_200' title='bbox 800 1333 857 1348; x_wconf 89' lang='lat' dir='ltr'><strong>non</strong></span> <span class='ocrx_word' id='word_1_201' title='bbox 868 1332 983 1356; x_wconf 82' lang='lat' dir='ltr'><strong>presen-</strong></span> 
     </span>
     <span class='ocr_line' id='line_1_29' title="bbox 59 1368 982 1401; baseline -0.003 -7"><span class='ocrx_word' id='word_1_202' title='bbox 59 1372 117 1394; x_wconf 88' lang='lat' dir='ltr'><strong>tate</strong></span> <span class='ocrx_word' id='word_1_203' title='bbox 126 1369 170 1394; x_wconf 89' lang='lat' dir='ltr'><strong>vel</strong></span> <span class='ocrx_word' id='word_1_204' title='bbox 182 1370 203 1394; x_wconf 84' lang='lat' dir='ltr'><strong>si</strong></span> <span class='ocrx_word' id='word_1_205' title='bbox 219 1371 384 1401; x_wconf 84' lang='lat' dir='ltr'><strong>presentate</strong></span> <span class='ocrx_word' id='word_1_206' title='bbox 395 1369 487 1393; x_wconf 91' lang='lat' dir='ltr'><strong>minus</strong></span> <span class='ocrx_word' id='word_1_207' title='bbox 503 1369 637 1394; x_wconf 85' lang='lat' dir='ltr'><strong>canonice</strong></span> <span class='ocrx_word' id='word_1_208' title='bbox 650 1368 757 1393; x_wconf 83' lang='lat' dir='ltr'><strong>fuerint</strong></span> <span class='ocrx_word' id='word_1_209' title='bbox 775 1368 982 1400; x_wconf 84' lang='lat' dir='ltr'><strong>providebimus</strong></span> 
     </span>
     <span class='ocr_line' id='line_1_30' title="bbox 59 1412 983 1439; baseline -0.001 -1"><span class='ocrx_word' id='word_1_210' title='bbox 59 1417 87 1439; x_wconf 83' lang='lat' dir='ltr'><strong>et</strong></span> <span class='ocrx_word' id='word_1_211' title='bbox 101 1414 123 1438; x_wconf 83' lang='lat' dir='ltr'><strong>si</strong></span> <span class='ocrx_word' id='word_1_212' title='bbox 136 1414 274 1438; x_wconf 86' lang='lat' dir='ltr'><strong>canonice</strong></span> <span class='ocrx_word' id='word_1_213' title='bbox 292 1414 399 1438; x_wconf 78' lang='lat' dir='ltr'><strong>fuerint</strong></span> <span class='ocrx_word' id='word_1_214' title='bbox 415 1413 646 1438; x_wconf 85' lang='lat' dir='ltr'><strong>confirmabimus</strong></span> <span class='ocrx_word' id='word_1_215' title='bbox 657 1413 711 1438; x_wconf 87' lang='lat' dir='ltr'><strong>nisi</strong></span> <span class='ocrx_word' id='word_1_216' title='bbox 728 1421 759 1437; x_wconf 83' lang='lat' dir='ltr'><strong>ex</strong></span> <span class='ocrx_word' id='word_1_217' title='bbox 775 1412 938 1438; x_wconf 80' lang='lat' dir='ltr'><strong>rationabili</strong></span> <span class='ocrx_word' id='word_1_218' title='bbox 955 1415 983 1436; x_wconf 83' lang='lat' dir='ltr'><strong>et</strong></span> 
     </span>
     <span class='ocr_line' id='line_1_31' title="bbox 58 1457 982 1490; baseline -0.002 -7"><span class='ocrx_word' id='word_1_219' title='bbox 58 1458 183 1483; x_wconf 85' lang='lat' dir='ltr'><strong>evidenti</strong></span> <span class='ocrx_word' id='word_1_220' title='bbox 202 1466 287 1483; x_wconf 86' lang='lat' dir='ltr'><strong>causa</strong></span> <span class='ocrx_word' id='word_1_221' title='bbox 307 1466 338 1482; x_wconf 88' lang='lat' dir='ltr'><strong>ac</strong></span> <span class='ocrx_word' id='word_1_222' title='bbox 358 1458 391 1482; x_wconf 89' lang='lat' dir='ltr'><strong>de</strong></span> <span class='ocrx_word' id='word_1_223' title='bbox 413 1457 551 1482; x_wconf 87' lang='lat' dir='ltr'><strong>dictorum</strong></span> <span class='ocrx_word' id='word_1_224' title='bbox 574 1458 694 1482; x_wconf 79' lang='lat' dir='ltr'><strong>fratrum</strong></span> <span class='ocrx_word' id='word_1_225' title='bbox 716 1458 834 1482; x_wconf 86' lang='lat' dir='ltr'><strong>consilio</strong></span> <span class='ocrx_word' id='word_1_226' title='bbox 862 1458 895 1482; x_wconf 91' lang='lat' dir='ltr'><strong>de</strong></span> <span class='ocrx_word' id='word_1_227' title='bbox 922 1457 982 1490; x_wconf 78' lang='lat' dir='ltr'><strong>dig-</strong></span> 
     </span>
     <span class='ocr_line' id='line_1_32' title="bbox 58 1501 983 1536; baseline -0.002 -9"><span class='ocrx_word' id='word_1_228' title='bbox 58 1502 129 1527; x_wconf 86' lang='lat' dir='ltr'><strong>niori</strong></span> <span class='ocrx_word' id='word_1_229' title='bbox 157 1505 185 1528; x_wconf 89' lang='lat' dir='ltr'><strong>et</strong></span> <span class='ocrx_word' id='word_1_230' title='bbox 209 1502 316 1527; x_wconf 85' lang='lat' dir='ltr'><strong>utiliori</strong></span> <span class='ocrx_word' id='word_1_231' title='bbox 337 1510 459 1536; x_wconf 89' lang='lat' dir='ltr'><strong>persona</strong></span> <span class='ocrx_word' id='word_1_232' title='bbox 486 1502 650 1526; x_wconf 88' lang='lat' dir='ltr'><strong>duxerimus</strong></span> <span class='ocrx_word' id='word_1_233' title='bbox 675 1501 898 1535; x_wconf 81' lang='lat' dir='ltr'><strong>providendum,</strong></span> <span class='ocrx_word' id='word_1_234' title='bbox 920 1509 983 1534; x_wconf 87' lang='lat' dir='ltr'><strong>pro-</strong></span> 
     </span>
     <span class='ocr_line' id='line_1_33' title="bbox 58 1546 981 1579; baseline -0.002 -8"><span class='ocrx_word' id='word_1_235' title='bbox 58 1546 119 1571; x_wconf 84' lang='lat' dir='ltr'><strong>viso</strong></span> <span class='ocrx_word' id='word_1_236' title='bbox 142 1546 217 1578; x_wconf 83' lang='lat' dir='ltr'><strong>quod</strong></span> <span class='ocrx_word' id='word_1_237' title='bbox 239 1546 397 1572; x_wconf 86' lang='lat' dir='ltr'><strong>confirmati</strong></span> <span class='ocrx_word' id='word_1_238' title='bbox 422 1546 539 1579; x_wconf 80' lang='lat' dir='ltr'><strong>predicti</strong></span> <span class='ocrx_word' id='word_1_239' title='bbox 563 1548 591 1571; x_wconf 89' lang='lat' dir='ltr'><strong>et</strong></span> <span class='ocrx_word' id='word_1_240' title='bbox 616 1554 666 1578; x_wconf 90' lang='lat' dir='ltr'><strong>per</strong></span> <span class='ocrx_word' id='word_1_241' title='bbox 688 1554 739 1570; x_wconf 90' lang='lat' dir='ltr'><strong>nos</strong></span> <span class='ocrx_word' id='word_1_242' title='bbox 757 1546 861 1578; x_wconf 84' lang='lat' dir='ltr'><strong>provisi</strong></span> <span class='ocrx_word' id='word_1_243' title='bbox 878 1547 981 1569; x_wconf 61' lang='lat' dir='ltr'><strong>metro&lt;</strong></span> 
     </span>
     <span class='ocr_line' id='line_1_34' title="bbox 59 1589 982 1623; baseline -0.002 -8"><span class='ocrx_word' id='word_1_244' title='bbox 59 1591 193 1623; x_wconf 86' lang='lat' dir='ltr'><strong>politanis</strong></span> <span class='ocrx_word' id='word_1_245' title='bbox 215 1591 274 1615; x_wconf 84' lang='lat' dir='ltr'><strong>suis</strong></span> <span class='ocrx_word' id='word_1_246' title='bbox 298 1593 326 1615; x_wconf 84' lang='lat' dir='ltr'><strong>et</strong></span> <span class='ocrx_word' id='word_1_247' title='bbox 348 1590 411 1615; x_wconf 90' lang='lat' dir='ltr'><strong>aliis</strong></span> <span class='ocrx_word' id='word_1_248' title='bbox 433 1592 562 1622; x_wconf 86' lang='lat' dir='ltr'><strong>prestent</strong></span> <span class='ocrx_word' id='word_1_249' title='bbox 589 1590 682 1615; x_wconf 85' lang='lat' dir='ltr'><strong>debita</strong></span> <span class='ocrx_word' id='word_1_250' title='bbox 699 1590 857 1615; x_wconf 84' lang='lat' dir='ltr'><strong>iuramenta</strong></span> <span class='ocrx_word' id='word_1_251' title='bbox 880 1593 908 1614; x_wconf 88' lang='lat' dir='ltr'><strong>et</strong></span> <span class='ocrx_word' id='word_1_252' title='bbox 929 1589 982 1613; x_wconf 85' lang='lat' dir='ltr'><strong>alia</strong></span> 
     </span>
     <span class='ocr_line' id='line_1_35' title="bbox 60 1633 983 1666; baseline -0.002 -7"><span class='ocrx_word' id='word_1_253' title='bbox 60 1635 91 1659; x_wconf 87' lang='lat' dir='ltr'><strong>ad</strong></span> <span class='ocrx_word' id='word_1_254' title='bbox 111 1643 165 1666; x_wconf 89' lang='lat' dir='ltr'><strong>que</strong></span> <span class='ocrx_word' id='word_1_255' title='bbox 183 1635 215 1659; x_wconf 89' lang='lat' dir='ltr'><strong>de</strong></span> <span class='ocrx_word' id='word_1_256' title='bbox 232 1635 291 1659; x_wconf 88' lang='lat' dir='ltr'><strong>iure</strong></span> <span class='ocrx_word' id='word_1_257' title='bbox 309 1637 445 1659; x_wconf 89' lang='lat' dir='ltr'><strong>tenentur</strong></span> <span class='ocrx_word' id='word_1_258' title='bbox 462 1634 533 1658; x_wconf 91' lang='lat' dir='ltr'><strong>etin</strong></span> <span class='ocrx_word' id='word_1_259' title='bbox 549 1634 732 1659; x_wconf 83' lang='lat' dir='ltr'><strong>monasteriis</strong></span> <span class='ocrx_word' id='word_1_260' title='bbox 756 1634 828 1658; x_wconf 86' lang='lat' dir='ltr'><strong>dicte</strong></span> <span class='ocrx_word' id='word_1_261' title='bbox 852 1633 910 1658; x_wconf 82' lang='lat' dir='ltr'><strong>sedi</strong></span> <span class='ocrx_word' id='word_1_262' title='bbox 933 1633 983 1657; x_wconf 88' lang='lat' dir='ltr'><strong>im-</strong></span> 
     </span>
     <span class='ocr_line' id='line_1_36' title="bbox 59 1677 984 1711; baseline -0.002 -8"><span class='ocrx_word' id='word_1_263' title='bbox 59 1679 179 1703; x_wconf 84' lang='lat' dir='ltr'><strong>mediate</strong></span> <span class='ocrx_word' id='word_1_264' title='bbox 193 1687 250 1703; x_wconf 91' lang='lat' dir='ltr'><strong>non</strong></span> <span class='ocrx_word' id='word_1_265' title='bbox 264 1678 398 1702; x_wconf 85' lang='lat' dir='ltr'><strong>subiectis</strong></span> <span class='ocrx_word' id='word_1_266' title='bbox 416 1681 444 1702; x_wconf 88' lang='lat' dir='ltr'><strong>et</strong></span> <span class='ocrx_word' id='word_1_267' title='bbox 462 1678 523 1702; x_wconf 86' lang='lat' dir='ltr'><strong>aliis</strong></span> <span class='ocrx_word' id='word_1_268' title='bbox 539 1678 718 1711; x_wconf 78' lang='lat' dir='ltr'><strong>regularibus</strong></span> <span class='ocrx_word' id='word_1_269' title='bbox 737 1677 882 1702; x_wconf 85' lang='lat' dir='ltr'><strong>beneficiis</strong></span> <span class='ocrx_word' id='word_1_270' title='bbox 898 1685 984 1710; x_wconf 89' lang='lat' dir='ltr'><strong>super</strong></span> 
     </span>
     <span class='ocr_line' id='line_1_37' title="bbox 59 1721 983 1755; baseline -0.002 -8"><span class='ocrx_word' id='word_1_271' title='bbox 59 1723 160 1755; x_wconf 87' lang='lat' dir='ltr'><strong>quibus</strong></span> <span class='ocrx_word' id='word_1_272' title='bbox 175 1731 225 1755; x_wconf 87' lang='lat' dir='ltr'><strong>pro</strong></span> <span class='ocrx_word' id='word_1_273' title='bbox 242 1721 457 1747; x_wconf 87' lang='lat' dir='ltr'><strong>confirmatione</strong></span> <span class='ocrx_word' id='word_1_274' title='bbox 477 1722 519 1746; x_wconf 92' lang='lat' dir='ltr'><strong>vel</strong></span> <span class='ocrx_word' id='word_1_275' title='bbox 534 1722 700 1754; x_wconf 74' lang='lat' dir='ltr'><strong>provisione</strong></span> <span class='ocrx_word' id='word_1_276' title='bbox 717 1721 750 1746; x_wconf 93' lang='lat' dir='ltr'><strong>ad</strong></span> <span class='ocrx_word' id='word_1_277' title='bbox 768 1721 868 1745; x_wconf 88' lang='lat' dir='ltr'><strong>dictam</strong></span> <span class='ocrx_word' id='word_1_278' title='bbox 886 1721 983 1746; x_wconf 87' lang='lat' dir='ltr'><strong>sedem</strong></span> 
     </span>
     <span class='ocr_line' id='line_1_38' title="bbox 58 1765 983 1798; baseline -0.001 -8"><span class='ocrx_word' id='word_1_279' title='bbox 58 1774 115 1791; x_wconf 91' lang='lat' dir='ltr'><strong>non</strong></span> <span class='ocrx_word' id='word_1_280' title='bbox 131 1767 280 1790; x_wconf 83' lang='lat' dir='ltr'><strong>consuevit</strong></span> <span class='ocrx_word' id='word_1_281' title='bbox 299 1766 396 1790; x_wconf 84' lang='lat' dir='ltr'><strong>haberi</strong></span> <span class='ocrx_word' id='word_1_282' title='bbox 414 1773 557 1797; x_wconf 75' lang='lat' dir='ltr'><strong>recursuS,</strong></span> <span class='ocrx_word' id='word_1_283' title='bbox 576 1766 660 1790; x_wconf 82' lang='lat' dir='ltr'><strong>electi</strong></span> <span class='ocrx_word' id='word_1_284' title='bbox 681 1773 730 1790; x_wconf 87' lang='lat' dir='ltr'><strong>seu</strong></span> <span class='ocrx_word' id='word_1_285' title='bbox 747 1765 786 1790; x_wconf 91' lang='lat' dir='ltr'><strong>illi</strong></span> <span class='ocrx_word' id='word_1_286' title='bbox 798 1765 899 1798; x_wconf 85' lang='lat' dir='ltr'><strong>quibus</strong></span> <span class='ocrx_word' id='word_1_287' title='bbox 919 1773 983 1797; x_wconf 88' lang='lat' dir='ltr'><strong>pro-</strong></span> 
     </span>
     <span class='ocr_line' id='line_1_39' title="bbox 61 1809 983 1842; baseline 0 -9"><span class='ocrx_word' id='word_1_288' title='bbox 61 1810 212 1835; x_wconf 76' lang='lat' dir='ltr'><strong>videndum</strong></span> <span class='ocrx_word' id='word_1_289' title='bbox 233 1812 276 1834; x_wconf 83' lang='lat' dir='ltr'><strong>est</strong></span> <span class='ocrx_word' id='word_1_290' title='bbox 292 1818 343 1842; x_wconf 90' lang='lat' dir='ltr'><strong>pro</strong></span> <span class='ocrx_word' id='word_1_291' title='bbox 359 1809 576 1834; x_wconf 84' lang='lat' dir='ltr'><strong>confirmatione</strong></span> <span class='ocrx_word' id='word_1_292' title='bbox 595 1812 622 1834; x_wconf 89' lang='lat' dir='ltr'><strong>et</strong></span> <span class='ocrx_word' id='word_1_293' title='bbox 639 1809 801 1842; x_wconf 80' lang='lat' dir='ltr'><strong>provisione</strong></span> <span class='ocrx_word' id='word_1_294' title='bbox 818 1809 983 1833; x_wconf 90' lang='lat' dir='ltr'><strong>huiusmodi</strong></span> 
     </span>
     <span class='ocr_line' id='line_1_40' title="bbox 60 1853 983 1885; baseline 0 -7"><span class='ocrx_word' id='word_1_295' title='bbox 60 1854 93 1878; x_wconf 85' lang='lat' dir='ltr'><strong>ad</strong></span> <span class='ocrx_word' id='word_1_296' title='bbox 110 1854 217 1878; x_wconf 89' lang='lat' dir='ltr'><strong>curiam</strong></span> <span class='ocrx_word' id='word_1_297' title='bbox 234 1853 391 1877; x_wconf 85' lang='lat' dir='ltr'><strong>Romanam</strong></span> <span class='ocrx_word' id='word_1_298' title='bbox 406 1854 503 1877; x_wconf 75' lang='lat' dir='ltr'><strong>venire.</strong></span> <span class='ocrx_word' id='word_1_299' title='bbox 522 1861 579 1877; x_wconf 88' lang='lat' dir='ltr'><strong>non</strong></span> <span class='ocrx_word' id='word_1_300' title='bbox 601 1853 789 1884; x_wconf 82' lang='lat' dir='ltr'><strong>tenebuntur,</strong></span> <span class='ocrx_word' id='word_1_301' title='bbox 810 1854 924 1885; x_wconf 88' lang='lat' dir='ltr'><strong>ipsaque</strong></span> <span class='ocrx_word' id='word_1_302' title='bbox 939 1861 983 1878; x_wconf 87' lang='lat' dir='ltr'><strong>re-</strong></span> 
     </span>
     <span class='ocr_line' id='line_1_41' title="bbox 58 1896 982 1931; baseline 0 -9"><span class='ocrx_word' id='word_1_303' title='bbox 58 1896 168 1931; x_wconf 80' lang='lat' dir='ltr'><strong>gularia</strong></span> <span class='ocrx_word' id='word_1_304' title='bbox 184 1897 319 1922; x_wconf 82' lang='lat' dir='ltr'><strong>beneficia</strong></span> <span class='ocrx_word' id='word_1_305' title='bbox 337 1897 388 1921; x_wconf 86' lang='lat' dir='ltr'><strong>sub</strong></span> <span class='ocrx_word' id='word_1_306' title='bbox 405 1896 588 1929; x_wconf 82' lang='lat' dir='ltr'><strong>expectativis</strong></span> <span class='ocrx_word' id='word_1_307' title='bbox 605 1898 705 1931; x_wconf 71' lang='lat' dir='ltr'><strong>gratiis</strong></span> <span class='ocrx_word' id='word_1_308' title='bbox 724 1905 781 1922; x_wconf 92' lang='lat' dir='ltr'><strong>non</strong></span> <span class='ocrx_word' id='word_1_309' title='bbox 799 1898 917 1928; x_wconf 87' lang='lat' dir='ltr'><strong>cadent,</strong></span> <span class='ocrx_word' id='word_1_310' title='bbox 935 1898 982 1922; x_wconf 90' lang='lat' dir='ltr'><strong>ubi</strong></span> 
     </span>
     <span class='ocr_line' id='line_1_42' title="bbox 61 1940 982 1975; baseline -0.002 -8"><span class='ocrx_word' id='word_1_311' title='bbox 61 1945 156 1968; x_wconf 89' lang='lat' dir='ltr'><strong>autem</strong></span> <span class='ocrx_word' id='word_1_312' title='bbox 175 1951 228 1975; x_wconf 88' lang='lat' dir='ltr'><strong>pro</strong></span> <span class='ocrx_word' id='word_1_313' title='bbox 243 1940 423 1966; x_wconf 85' lang='lat' dir='ltr'><strong>monasteriis</strong></span> <span class='ocrx_word' id='word_1_314' title='bbox 444 1940 477 1965; x_wconf 88' lang='lat' dir='ltr'><strong>ad</strong></span> <span class='ocrx_word' id='word_1_315' title='bbox 493 1941 595 1966; x_wconf 87' lang='lat' dir='ltr'><strong>dictam</strong></span> <span class='ocrx_word' id='word_1_316' title='bbox 613 1943 722 1966; x_wconf 89' lang='lat' dir='ltr'><strong>curiam</strong></span> <span class='ocrx_word' id='word_1_317' title='bbox 739 1942 851 1966; x_wconf 89' lang='lat' dir='ltr'><strong>mittere</strong></span> <span class='ocrx_word' id='word_1_318' title='bbox 870 1950 920 1967; x_wconf 89' lang='lat' dir='ltr'><strong>seu</strong></span> <span class='ocrx_word' id='word_1_319' title='bbox 936 1949 982 1966; x_wconf 88' lang='lat' dir='ltr'><strong>ve-</strong></span> 
     </span>
     <span class='ocr_line' id='line_1_43' title="bbox 58 1985 983 2018; baseline -0.001 -7"><span class='ocrx_word' id='word_1_320' title='bbox 58 1986 119 2011; x_wconf 86' lang='lat' dir='ltr'><strong>nire</strong></span> <span class='ocrx_word' id='word_1_321' title='bbox 138 1989 350 2011; x_wconf 83' lang='lat' dir='ltr'><strong>consueverunt</strong></span> <span class='ocrx_word' id='word_1_322' title='bbox 370 1993 425 2009; x_wconf 88' lang='lat' dir='ltr'><strong>non</strong></span> <span class='ocrx_word' id='word_1_323' title='bbox 444 1985 526 2009; x_wconf 88' lang='lat' dir='ltr'><strong>aliter</strong></span> <span class='ocrx_word' id='word_1_324' title='bbox 540 1985 773 2010; x_wconf 81' lang='lat' dir='ltr'><strong>confirmabimus</strong></span> <span class='ocrx_word' id='word_1_325' title='bbox 795 1986 839 2010; x_wconf 86' lang='lat' dir='ltr'><strong>vel</strong></span> <span class='ocrx_word' id='word_1_326' title='bbox 853 1985 983 2018; x_wconf 79' lang='lat' dir='ltr'><strong>provide-</strong></span> 
     </span>
     <span class='ocr_line' id='line_1_44' title="bbox 59 2029 982 2062; baseline -0.001 -7"><span class='ocrx_word' id='word_1_327' title='bbox 59 2030 149 2055; x_wconf 84' lang='lat' dir='ltr'><strong>bimus</strong></span> <span class='ocrx_word' id='word_1_328' title='bbox 173 2037 257 2062; x_wconf 87' lang='lat' dir='ltr'><strong>quam</strong></span> <span class='ocrx_word' id='word_1_329' title='bbox 282 2029 412 2062; x_wconf 87' lang='lat' dir='ltr'><strong>superius</strong></span> <span class='ocrx_word' id='word_1_330' title='bbox 437 2029 470 2054; x_wconf 88' lang='lat' dir='ltr'><strong>de</strong></span> <span class='ocrx_word' id='word_1_331' title='bbox 489 2029 697 2054; x_wconf 80' lang='lat' dir='ltr'><strong>cathedralibus</strong></span> <span class='ocrx_word' id='word_1_332' title='bbox 721 2030 847 2055; x_wconf 81' lang='lat' dir='ltr'><strong>ecclesiis</strong></span> <span class='ocrx_word' id='word_1_333' title='bbox 869 2033 913 2055; x_wconf 89' lang='lat' dir='ltr'><strong>est</strong></span> <span class='ocrx_word' id='word_1_334' title='bbox 938 2039 982 2055; x_wconf 62' lang='lat' dir='ltr'><strong>ex-</strong></span> 
     </span>
     <span class='ocr_line' id='line_1_45' title="bbox 58 2073 982 2107; baseline 0 -9"><span class='ocrx_word' id='word_1_335' title='bbox 58 2082 188 2107; x_wconf 88' lang='lat' dir='ltr'><strong>pressum</strong></span> <span class='ocrx_word' id='word_1_336' title='bbox 210 2077 238 2099; x_wconf 87' lang='lat' dir='ltr'><strong>et</strong></span> <span class='ocrx_word' id='word_1_337' title='bbox 266 2074 298 2098; x_wconf 94' lang='lat' dir='ltr'><strong>de</strong></span> <span class='ocrx_word' id='word_1_338' title='bbox 324 2073 504 2098; x_wconf 85' lang='lat' dir='ltr'><strong>monasteriis</strong></span> <span class='ocrx_word' id='word_1_339' title='bbox 527 2073 693 2098; x_wconf 90' lang='lat' dir='ltr'><strong>monialium</strong></span> <span class='ocrx_word' id='word_1_340' title='bbox 719 2082 776 2098; x_wconf 93' lang='lat' dir='ltr'><strong>non</strong></span> <span class='ocrx_word' id='word_1_341' title='bbox 799 2074 982 2106; x_wconf 82' lang='lat' dir='ltr'><strong>disponemus</strong></span> 
     </span>
     <span class='ocr_line' id='line_1_46' title="bbox 58 2118 982 2151; baseline 0 -8"><span class='ocrx_word' id='word_1_342' title='bbox 58 2118 111 2143; x_wconf 90' lang='lat' dir='ltr'><strong>nisi</strong></span> <span class='ocrx_word' id='word_1_343' title='bbox 130 2119 188 2142; x_wconf 88' lang='lat' dir='ltr'><strong>sint</strong></span> <span class='ocrx_word' id='word_1_344' title='bbox 206 2120 336 2150; x_wconf 85' lang='lat' dir='ltr'><strong>exempta</strong></span> <span class='ocrx_word' id='word_1_345' title='bbox 355 2120 383 2142; x_wconf 88' lang='lat' dir='ltr'><strong>et</strong></span> <span class='ocrx_word' id='word_1_346' title='bbox 408 2119 476 2141; x_wconf 83' lang='lat' dir='ltr'><strong>tunc</strong></span> <span class='ocrx_word' id='word_1_347' title='bbox 498 2125 549 2149; x_wconf 88' lang='lat' dir='ltr'><strong>per</strong></span> <span class='ocrx_word' id='word_1_348' title='bbox 566 2118 798 2142; x_wconf 77' lang='lat' dir='ltr'><strong>commissionem</strong></span> <span class='ocrx_word' id='word_1_349' title='bbox 823 2118 856 2142; x_wconf 89' lang='lat' dir='ltr'><strong>ad</strong></span> <span class='ocrx_word' id='word_1_350' title='bbox 879 2121 982 2151; x_wconf 69' lang='lat' dir='ltr'><strong>partes),</strong></span> 
     </span>
     <span class='ocr_line' id='line_1_47' title="bbox 57 2161 982 2194; baseline 0 -8"><span class='ocrx_word' id='word_1_351' title='bbox 57 2162 90 2187; x_wconf 89' lang='lat' dir='ltr'><strong>de</strong></span> <span class='ocrx_word' id='word_1_352' title='bbox 117 2163 218 2186; x_wconf 87' lang='lat' dir='ltr'><strong>ceteris</strong></span> <span class='ocrx_word' id='word_1_353' title='bbox 241 2169 308 2186; x_wconf 83' lang='lat' dir='ltr'><strong>vero</strong></span> <span class='ocrx_word' id='word_1_354' title='bbox 329 2161 516 2194; x_wconf 80' lang='lat' dir='ltr'><strong>dignitatibus</strong></span> <span class='ocrx_word' id='word_1_355' title='bbox 547 2164 574 2185; x_wconf 87' lang='lat' dir='ltr'><strong>et</strong></span> <span class='ocrx_word' id='word_1_356' title='bbox 592 2161 736 2186; x_wconf 83' lang='lat' dir='ltr'><strong>beneficiis</strong></span> <span class='ocrx_word' id='word_1_357' title='bbox 762 2162 982 2194; x_wconf 81' lang='lat' dir='ltr'><strong>quibuscunque</strong></span> 
     </span>
     <span class='ocr_line' id='line_1_48' title="bbox 58 2205 983 2238; baseline 0 -8"><span class='ocrx_word' id='word_1_358' title='bbox 58 2205 230 2231; x_wconf 86' lang='lat' dir='ltr'><strong>secularibus</strong></span> <span class='ocrx_word' id='word_1_359' title='bbox 256 2208 284 2230; x_wconf 87' lang='lat' dir='ltr'><strong>et</strong></span> <span class='ocrx_word' id='word_1_360' title='bbox 307 2205 490 2238; x_wconf 77' lang='lat' dir='ltr'><strong>regularibus</strong></span> <span class='ocrx_word' id='word_1_361' title='bbox 511 2205 656 2229; x_wconf 59' lang='lat' dir='ltr'><strong>vacaturis</strong></span> <span class='ocrx_word' id='word_1_362' title='bbox 680 2206 756 2230; x_wconf 88' lang='lat' dir='ltr'><strong>ultra</strong></span> <span class='ocrx_word' id='word_1_363' title='bbox 773 2207 983 2231; x_wconf 81' lang='lat' dir='ltr'><strong>reservationes</strong></span> 
     </span>
     <span class='ocr_line' id='line_1_49' title="bbox 56 2249 982 2283; baseline 0 -9"><span class='ocrx_word' id='word_1_364' title='bbox 56 2250 194 2282; x_wconf 84' lang='lat' dir='ltr'><strong>predictas</strong></span> <span class='ocrx_word' id='word_1_365' title='bbox 220 2249 372 2274; x_wconf 89' lang='lat' dir='ltr'><strong>maioribus</strong></span> <span class='ocrx_word' id='word_1_366' title='bbox 392 2249 578 2283; x_wconf 76' lang='lat' dir='ltr'><strong>dignitatibus</strong></span> <span class='ocrx_word' id='word_1_367' title='bbox 607 2252 672 2281; x_wconf 81' lang='lat' dir='ltr'><strong>post</strong></span> <span class='ocrx_word' id='word_1_368' title='bbox 693 2249 871 2282; x_wconf 80' lang='lat' dir='ltr'><strong>pontificales</strong></span> <span class='ocrx_word' id='word_1_369' title='bbox 892 2250 921 2274; x_wconf 89' lang='lat' dir='ltr'><strong>in</strong></span> <span class='ocrx_word' id='word_1_370' title='bbox 938 2258 982 2274; x_wconf 86' lang='lat' dir='ltr'><strong>ca-</strong></span> 
     </span>
     <span class='ocr_line' id='line_1_50' title="bbox 57 2292 982 2326; baseline 0 -8"><span class='ocrx_word' id='word_1_371' title='bbox 57 2294 232 2318; x_wconf 82' lang='lat' dir='ltr'><strong>thedralibus</strong></span> <span class='ocrx_word' id='word_1_372' title='bbox 258 2296 287 2318; x_wconf 90' lang='lat' dir='ltr'><strong>et</strong></span> <span class='ocrx_word' id='word_1_373' title='bbox 310 2292 516 2325; x_wconf 87' lang='lat' dir='ltr'><strong>principalibus</strong></span> <span class='ocrx_word' id='word_1_374' title='bbox 543 2292 570 2317; x_wconf 94' lang='lat' dir='ltr'><strong>in</strong></span> <span class='ocrx_word' id='word_1_375' title='bbox 597 2293 756 2326; x_wconf 73' lang='lat' dir='ltr'><strong>collegiatis</strong></span> <span class='ocrx_word' id='word_1_376' title='bbox 782 2293 912 2319; x_wconf 82' lang='lat' dir='ltr'><strong>ecclesiis</strong></span> <span class='ocrx_word' id='word_1_377' title='bbox 938 2302 982 2319; x_wconf 83' lang='lat' dir='ltr'><strong>ex-</strong></span> 
     </span>
     <span class='ocr_line' id='line_1_51' title="bbox 57 2337 981 2370; baseline 0.003 -10"><span class='ocrx_word' id='word_1_378' title='bbox 57 2339 145 2369; x_wconf 81' lang='lat' dir='ltr'><strong>ceptis</strong></span> <span class='ocrx_word' id='word_1_379' title='bbox 169 2338 228 2362; x_wconf 91' lang='lat' dir='ltr'><strong>iure</strong></span> <span class='ocrx_word' id='word_1_380' title='bbox 247 2337 390 2362; x_wconf 86' lang='lat' dir='ltr'><strong>ordinario</strong></span> <span class='ocrx_word' id='word_1_381' title='bbox 410 2337 593 2369; x_wconf 84' lang='lat' dir='ltr'><strong>provideatur</strong></span> <span class='ocrx_word' id='word_1_382' title='bbox 613 2345 664 2370; x_wconf 87' lang='lat' dir='ltr'><strong>per</strong></span> <span class='ocrx_word' id='word_1_383' title='bbox 686 2337 750 2362; x_wconf 91' lang='lat' dir='ltr'><strong>illos</strong></span> <span class='ocrx_word' id='word_1_384' title='bbox 772 2338 922 2363; x_wconf 84' lang='lat' dir='ltr'><strong>inferiores</strong></span> <span class='ocrx_word' id='word_1_385' title='bbox 948 2337 981 2363; x_wconf 86' lang='lat' dir='ltr'><strong>ad</strong></span> 
     </span>
     <span class='ocr_line' id='line_1_52' title="bbox 58 2380 983 2414; baseline 0.003 -10"><span class='ocrx_word' id='word_1_386' title='bbox 58 2388 127 2412; x_wconf 85' lang='lat' dir='ltr'><strong>quos</strong></span> <span class='ocrx_word' id='word_1_387' title='bbox 147 2381 216 2405; x_wconf 84' lang='lat' dir='ltr'><strong>alias</strong></span> <span class='ocrx_word' id='word_1_388' title='bbox 227 2382 360 2413; x_wconf 88' lang='lat' dir='ltr'><strong>pertinet.</strong></span> <span class='ocrx_word' id='word_1_389' title='bbox 381 2380 481 2405; x_wconf 87' lang='lat' dir='ltr'><strong>Placet</strong></span> <span class='ocrx_word' id='word_1_390' title='bbox 496 2381 582 2405; x_wconf 87' lang='lat' dir='ltr'><strong>ctiam</strong></span> <span class='ocrx_word' id='word_1_391' title='bbox 594 2381 677 2405; x_wconf 87' lang='lat' dir='ltr'><strong>nobis</strong></span> <span class='ocrx_word' id='word_1_392' title='bbox 690 2382 762 2413; x_wconf 89' lang='lat' dir='ltr'><strong>quod</strong></span> <span class='ocrx_word' id='word_1_393' title='bbox 777 2389 828 2414; x_wconf 90' lang='lat' dir='ltr'><strong>per</strong></span> <span class='ocrx_word' id='word_1_394' title='bbox 836 2390 983 2414; x_wconf 80' lang='lat' dir='ltr'><strong>quam-un-</strong></span> 
     </span>
     <span class='ocr_line' id='line_1_53' title="bbox 57 2425 980 2459; baseline 0.003 -11"><span class='ocrx_word' id='word_1_395' title='bbox 57 2432 110 2456; x_wconf 83' lang='lat' dir='ltr'><strong>que</strong></span> <span class='ocrx_word' id='word_1_396' title='bbox 128 2425 210 2448; x_wconf 88' lang='lat' dir='ltr'><strong>aliam</strong></span> <span class='ocrx_word' id='word_1_397' title='bbox 227 2425 449 2449; x_wconf 70' lang='lat' dir='ltr'><strong>reservationem</strong></span> <span class='ocrx_word' id='word_1_398' title='bbox 465 2425 812 2458; x_wconf 64' lang='lat' dir='ltr'><strong>gratiamhpectativani</strong></span> <span class='ocrx_word' id='word_1_399' title='bbox 824 2429 872 2451; x_wconf 86' lang='lat' dir='ltr'><strong>aut</strong></span> <span class='ocrx_word' id='word_1_400' title='bbox 883 2435 980 2459; x_wconf 85' lang='lat' dir='ltr'><strong>quam-</strong></span> 
     </span>
     <span class='ocr_line' id='line_1_54' title="bbox 58 2468 980 2501; baseline 0.004 -10"><span class='ocrx_word' id='word_1_401' title='bbox 58 2469 98 2491; x_wconf 73' lang='lat' dir='ltr'><strong>vis</strong></span> <span class='ocrx_word' id='word_1_402' title='bbox 118 2468 199 2492; x_wconf 87' lang='lat' dir='ltr'><strong>aliam</strong></span> <span class='ocrx_word' id='word_1_403' title='bbox 217 2469 431 2501; x_wconf 83' lang='lat' dir='ltr'><strong>dispositionem</strong></span> <span class='ocrx_word' id='word_1_404' title='bbox 455 2469 506 2493; x_wconf 84' lang='lat' dir='ltr'><strong>sub</strong></span> <span class='ocrx_word' id='word_1_405' title='bbox 525 2477 695 2501; x_wconf 87' lang='lat' dir='ltr'><strong>quacunque</strong></span> <span class='ocrx_word' id='word_1_406' title='bbox 717 2470 868 2495; x_wconf 86' lang='lat' dir='ltr'><strong>verborum</strong></span> <span class='ocrx_word' id='word_1_407' title='bbox 888 2471 980 2495; x_wconf 76' lang='lat' dir='ltr'><strong>torma</strong></span> 
     </span>
     <span class='ocr_line' id='line_1_55' title="bbox 58 2511 979 2544; baseline 0.004 -9"><span class='ocrx_word' id='word_1_408' title='bbox 58 2519 108 2544; x_wconf 88' lang='lat' dir='ltr'><strong>per</strong></span> <span class='ocrx_word' id='word_1_409' title='bbox 125 2519 177 2535; x_wconf 80' lang='lat' dir='ltr'><strong>nos</strong></span> <span class='ocrx_word' id='word_1_410' title='bbox 192 2511 235 2535; x_wconf 88' lang='lat' dir='ltr'><strong>vel</strong></span> <span class='ocrx_word' id='word_1_411' title='bbox 255 2513 424 2538; x_wconf 83' lang='lat' dir='ltr'><strong>auctoritate</strong></span> <span class='ocrx_word' id='word_1_412' title='bbox 441 2515 539 2538; x_wconf 85' lang='lat' dir='ltr'><strong>nostra</strong></span> <span class='ocrx_word' id='word_1_413' title='bbox 557 2513 664 2538; x_wconf 83' lang='lat' dir='ltr'><strong>t&#39;actam</strong></span> <span class='ocrx_word' id='word_1_414' title='bbox 681 2513 726 2538; x_wconf 86' lang='lat' dir='ltr'><strong>vel</strong></span> <span class='ocrx_word' id='word_1_415' title='bbox 745 2513 903 2539; x_wconf 79' lang='lat' dir='ltr'><strong>faciendam</strong></span> <span class='ocrx_word' id='word_1_416' title='bbox 920 2522 979 2539; x_wconf 87' lang='lat' dir='ltr'><strong>non</strong></span> 
     </span>
     <span class='ocr_line' id='line_1_56' title="bbox 58 2555 979 2588; baseline 0.004 -9"><span class='ocrx_word' id='word_1_417' title='bbox 58 2555 243 2588; x_wconf 77' lang='lat' dir='ltr'><strong>impediemus</strong></span> <span class='ocrx_word' id='word_1_418' title='bbox 266 2563 316 2580; x_wconf 83' lang='lat' dir='ltr'><strong>nos</strong></span> <span class='ocrx_word' id='word_1_419' title='bbox 332 2557 482 2588; x_wconf 86' lang='lat' dir='ltr'><strong>quominus</strong></span> <span class='ocrx_word' id='word_1_420' title='bbox 508 2557 541 2582; x_wconf 92' lang='lat' dir='ltr'><strong>de</strong></span> <span class='ocrx_word' id='word_1_421' title='bbox 562 2556 619 2582; x_wconf 89' lang='lat' dir='ltr'><strong>illis</strong></span> <span class='ocrx_word' id='word_1_422' title='bbox 639 2565 703 2581; x_wconf 89' lang='lat' dir='ltr'><strong>cum</strong></span> <span class='ocrx_word' id='word_1_423' title='bbox 720 2557 862 2582; x_wconf 82' lang='lat' dir='ltr'><strong>vacabunt</strong></span> <span class='ocrx_word' id='word_1_424' title='bbox 878 2559 912 2583; x_wconf 86' lang='lat' dir='ltr'><strong>de</strong></span> <span class='ocrx_word' id='word_1_425' title='bbox 927 2558 979 2583; x_wconf 87' lang='lat' dir='ltr'><strong>Fe—</strong></span> 
     </span>
     <span class='ocr_line' id='line_1_57' title="bbox 57 2598 977 2634; baseline 0.004 -11"><span class='ocrx_word' id='word_1_426' title='bbox 57 2599 161 2623; x_wconf 88' lang='lat' dir='ltr'><strong>bruarii</strong></span> <span class='ocrx_word' id='word_1_427' title='bbox 175 2598 277 2630; x_wconf 77' lang='lat' dir='ltr'><strong>Aprilis</strong></span> <span class='ocrx_word' id='word_1_428' title='bbox 292 2599 369 2624; x_wconf 85' lang='lat' dir='ltr'><strong>Junii</strong></span> <span class='ocrx_word' id='word_1_429' title='bbox 386 2600 506 2634; x_wconf 73' lang='lat' dir='ltr'><strong>Augusti</strong></span> <span class='ocrx_word' id='word_1_430' title='bbox 524 2600 655 2626; x_wconf 84' lang='lat' dir='ltr'><strong>Octobris</strong></span> <span class='ocrx_word' id='word_1_431' title='bbox 677 2604 705 2625; x_wconf 88' lang='lat' dir='ltr'><strong>et</strong></span> <span class='ocrx_word' id='word_1_432' title='bbox 721 2600 884 2626; x_wconf 84' lang='lat' dir='ltr'><strong>Decembris</strong></span> <span class='ocrx_word' id='word_1_433' title='bbox 899 2611 977 2627; x_wconf 76' lang='lat' dir='ltr'><strong>men-</strong></span> 
     </span>
    </p>
   </div>
   <div class='ocr_carea' id='block_1_5' title="bbox 1048 266 1983 2636">
    <p class='ocr_par' dir='ltr' id='par_1_5' title="bbox 1048 266 1983 2636">
     <span class='ocr_line' id='line_1_58' title="bbox 1055 266 1983 300; baseline 0.005 -10"><span class='ocrx_word' id='word_1_434' title='bbox 1055 266 1130 291; x_wconf 82' lang='lat' dir='ltr'><strong>sibus</strong></span> <span class='ocrx_word' id='word_1_435' title='bbox 1151 266 1239 291; x_wconf 86' lang='lat' dir='ltr'><strong>libere</strong></span> <span class='ocrx_word' id='word_1_436' title='bbox 1260 267 1427 299; x_wconf 78' lang='lat' dir='ltr'><strong>disponatur</strong></span> <span class='ocrx_word' id='word_1_437' title='bbox 1450 274 1501 298; x_wconf 85' lang='lat' dir='ltr'><strong>per</strong></span> <span class='ocrx_word' id='word_1_438' title='bbox 1521 268 1585 292; x_wconf 90' lang='lat' dir='ltr'><strong>illos</strong></span> <span class='ocrx_word' id='word_1_439' title='bbox 1605 268 1639 293; x_wconf 83' lang='lat' dir='ltr'><strong>ad</strong></span> <span class='ocrx_word' id='word_1_440' title='bbox 1659 276 1729 300; x_wconf 85' lang='lat' dir='ltr'><strong>quos</strong></span> <span class='ocrx_word' id='word_1_441' title='bbox 1751 276 1848 294; x_wconf 90' lang='lat' dir='ltr'><strong>eorum</strong></span> <span class='ocrx_word' id='word_1_442' title='bbox 1870 270 1983 295; x_wconf 79' lang='lat' dir='ltr'><strong>collatio</strong></span> 
     </span>
     <span class='ocr_line' id='line_1_59' title="bbox 1053 310 1981 346; baseline 0.004 -12"><span class='ocrx_word' id='word_1_443' title='bbox 1053 310 1179 343; x_wconf 83' lang='lat' dir='ltr'><strong>provisio</strong></span> <span class='ocrx_word' id='word_1_444' title='bbox 1195 311 1370 343; x_wconf 77' lang='lat' dir='ltr'><strong>presentatio</strong></span> <span class='ocrx_word' id='word_1_445' title='bbox 1386 311 1489 335; x_wconf 86' lang='lat' dir='ltr'><strong>eiectio</strong></span> <span class='ocrx_word' id='word_1_446' title='bbox 1503 318 1554 336; x_wconf 88' lang='lat' dir='ltr'><strong>seu</strong></span> <span class='ocrx_word' id='word_1_447' title='bbox 1572 313 1671 343; x_wconf 88' lang='lat' dir='ltr'><strong>quevis</strong></span> <span class='ocrx_word' id='word_1_448' title='bbox 1691 313 1746 337; x_wconf 81' lang='lat' dir='ltr'><strong>alia</strong></span> <span class='ocrx_word' id='word_1_449' title='bbox 1762 313 1910 346; x_wconf 81' lang='lat' dir='ltr'><strong>dispositio</strong></span> <span class='ocrx_word' id='word_1_450' title='bbox 1922 322 1981 346; x_wconf 34' lang='lat' dir='ltr'><strong>per*</strong></span> 
     </span>
     <span class='ocr_line' id='line_1_60' title="bbox 1055 353 1982 390; baseline 0.004 -12"><span class='ocrx_word' id='word_1_451' title='bbox 1055 354 1156 379; x_wconf 87' lang='lat' dir='ltr'><strong>tinebit</strong></span> <span class='ocrx_word' id='word_1_452' title='bbox 1172 355 1415 379; x_wconf 81' lang='lat' dir='ltr'><strong>reservationibus</strong></span> <span class='ocrx_word' id='word_1_453' title='bbox 1430 353 1492 380; x_wconf 82' lang='lat' dir='ltr'><strong>aliis</strong></span> <span class='ocrx_word' id='word_1_454' title='bbox 1514 362 1529 379; x_wconf 84' lang='lat' dir='ltr'><strong>a</strong></span> <span class='ocrx_word' id='word_1_455' title='bbox 1548 356 1694 388; x_wconf 84' lang='lat' dir='ltr'><strong>premissis</strong></span> <span class='ocrx_word' id='word_1_456' title='bbox 1712 365 1743 381; x_wconf 81' lang='lat' dir='ltr'><strong>ec</strong></span> <span class='ocrx_word' id='word_1_457' title='bbox 1758 357 1982 390; x_wconf 77' lang='lat' dir='ltr'><strong>depositionibus</strong></span> 
     </span>
     <span class='ocr_line' id='line_1_61' title="bbox 1053 398 1982 433; baseline 0.004 -11"><span class='ocrx_word' id='word_1_458' title='bbox 1053 398 1224 423; x_wconf 87' lang='lat' dir='ltr'><strong>auctoritate</strong></span> <span class='ocrx_word' id='word_1_459' title='bbox 1234 402 1331 423; x_wconf 86' lang='lat' dir='ltr'><strong>nostra</strong></span> <span class='ocrx_word' id='word_1_460' title='bbox 1346 399 1426 423; x_wconf 76' lang='lat' dir='ltr'><strong>tactis</strong></span> <span class='ocrx_word' id='word_1_461' title='bbox 1440 399 1486 423; x_wconf 80' lang='lat' dir='ltr'><strong>vel</strong></span> <span class='ocrx_word' id='word_1_462' title='bbox 1498 398 1635 423; x_wconf 74' lang='lat' dir='ltr'><strong>faciendis</strong></span> <span class='ocrx_word' id='word_1_463' title='bbox 1651 408 1706 424; x_wconf 90' lang='lat' dir='ltr'><strong>non</strong></span> <span class='ocrx_word' id='word_1_464' title='bbox 1724 401 1904 426; x_wconf 85' lang='lat' dir='ltr'><strong>obstantibus</strong></span> <span class='ocrx_word' id='word_1_465' title='bbox 1922 403 1982 433; x_wconf 83' lang='lat' dir='ltr'><strong>qui-</strong></span> 
     </span>
     <span class='ocr_line' id='line_1_62' title="bbox 1052 442 1980 474; baseline 0.004 -8"><span class='ocrx_word' id='word_1_466' title='bbox 1052 443 1236 474; x_wconf 88' lang='lat' dir='ltr'><strong>buscunque.</strong></span> <span class='ocrx_word' id='word_1_467' title='bbox 1258 442 1398 473; x_wconf 82' lang='lat' dir='ltr'><strong>Quotiens</strong></span> <span class='ocrx_word' id='word_1_468' title='bbox 1423 450 1491 467; x_wconf 77' lang='lat' dir='ltr'><strong>vero</strong></span> <span class='ocrx_word' id='word_1_469' title='bbox 1521 443 1615 474; x_wconf 76' lang='lat' dir='ltr'><strong>aliquo</strong></span> <span class='ocrx_word' id='word_1_470' title='bbox 1646 448 1763 469; x_wconf 83' lang='lat' dir='ltr'><strong>vacante</strong></span> <span class='ocrx_word' id='word_1_471' title='bbox 1791 445 1927 470; x_wconf 70' lang='lat' dir='ltr'><strong>beneficio</strong></span> <span class='ocrx_word' id='word_1_472' title='bbox 1948 446 1980 470; x_wconf 70' lang='lat' dir='ltr'><strong>de</strong></span> 
     </span>
     <span class='ocr_line' id='line_1_63' title="bbox 1052 485 1981 519; baseline 0.004 -9"><span class='ocrx_word' id='word_1_473' title='bbox 1052 486 1181 510; x_wconf 87' lang='lat' dir='ltr'><strong>Januarii</strong></span> <span class='ocrx_word' id='word_1_474' title='bbox 1198 486 1293 510; x_wconf 85' lang='lat' dir='ltr'><strong>Martii</strong></span> <span class='ocrx_word' id='word_1_475' title='bbox 1312 485 1380 518; x_wconf 79' lang='lat' dir='ltr'><strong>Maji</strong></span> <span class='ocrx_word' id='word_1_476' title='bbox 1398 486 1466 511; x_wconf 88' lang='lat' dir='ltr'><strong>Julii</strong></span> <span class='ocrx_word' id='word_1_477' title='bbox 1488 485 1663 519; x_wconf 86' lang='lat' dir='ltr'><strong>Septembris</strong></span> <span class='ocrx_word' id='word_1_478' title='bbox 1681 492 1707 512; x_wconf 88' lang='lat' dir='ltr'><strong>et</strong></span> <span class='ocrx_word' id='word_1_479' title='bbox 1719 487 1887 514; x_wconf 80' lang='lat' dir='ltr'><strong>Novembris</strong></span> <span class='ocrx_word' id='word_1_480' title='bbox 1903 498 1981 514; x_wconf 60' lang='lat' dir='ltr'><strong>men&lt;</strong></span> 
     </span>
     <span class='ocr_line' id='line_1_64' title="bbox 1054 530 1981 566; baseline 0.004 -12"><span class='ocrx_word' id='word_1_481' title='bbox 1054 530 1132 554; x_wconf 85' lang='lat' dir='ltr'><strong>sibus</strong></span> <span class='ocrx_word' id='word_1_482' title='bbox 1151 530 1311 562; x_wconf 82' lang='lat' dir='ltr'><strong>specialiter</strong></span> <span class='ocrx_word' id='word_1_483' title='bbox 1325 530 1502 562; x_wconf 84' lang='lat' dir='ltr'><strong>dispositioni</strong></span> <span class='ocrx_word' id='word_1_484' title='bbox 1519 531 1593 556; x_wconf 88' lang='lat' dir='ltr'><strong>dicte</strong></span> <span class='ocrx_word' id='word_1_485' title='bbox 1610 531 1684 556; x_wconf 81' lang='lat' dir='ltr'><strong>sedis</strong></span> <span class='ocrx_word' id='word_1_486' title='bbox 1700 536 1844 557; x_wconf 72' lang='lat' dir='ltr'><strong>reservato</strong></span> <span class='ocrx_word' id='word_1_487' title='bbox 1860 542 1915 558; x_wconf 90' lang='lat' dir='ltr'><strong>non</strong></span> <span class='ocrx_word' id='word_1_488' title='bbox 1933 543 1981 566; x_wconf 86' lang='lat' dir='ltr'><strong>ap-</strong></span> 
     </span>
     <span class='ocr_line' id='line_1_65' title="bbox 1053 574 1981 606; baseline 0.005 -9"><span class='ocrx_word' id='word_1_489' title='bbox 1053 574 1182 606; x_wconf 85' lang='lat' dir='ltr'><strong>paruerit</strong></span> <span class='ocrx_word' id='word_1_490' title='bbox 1207 574 1279 598; x_wconf 86' lang='lat' dir='ltr'><strong>infra</strong></span> <span class='ocrx_word' id='word_1_491' title='bbox 1304 577 1362 599; x_wconf 81' lang='lat' dir='ltr'><strong>tres</strong></span> <span class='ocrx_word' id='word_1_492' title='bbox 1379 583 1490 600; x_wconf 78' lang='lat' dir='ltr'><strong>menses</strong></span> <span class='ocrx_word' id='word_1_493' title='bbox 1513 582 1528 600; x_wconf 90' lang='lat' dir='ltr'><strong>a</strong></span> <span class='ocrx_word' id='word_1_494' title='bbox 1551 575 1594 600; x_wconf 83' lang='lat' dir='ltr'><strong>die</strong></span> <span class='ocrx_word' id='word_1_495' title='bbox 1614 579 1681 600; x_wconf 89' lang='lat' dir='ltr'><strong>note</strong></span> <span class='ocrx_word' id='word_1_496' title='bbox 1697 577 1853 601; x_wconf 72' lang='lat' dir='ltr'><strong>vacationis</strong></span> <span class='ocrx_word' id='word_1_497' title='bbox 1875 578 1902 602; x_wconf 88' lang='lat' dir='ltr'><strong>in</strong></span> <span class='ocrx_word' id='word_1_498' title='bbox 1921 579 1981 602; x_wconf 88' lang='lat' dir='ltr'><strong>loco</strong></span> 
     </span>
     <span class='ocr_line' id='line_1_66' title="bbox 1053 618 1980 654; baseline 0.005 -13"><span class='ocrx_word' id='word_1_499' title='bbox 1053 618 1199 648; x_wconf 85' lang='lat' dir='ltr'><strong>beneficii,</strong></span> <span class='ocrx_word' id='word_1_500' title='bbox 1219 618 1292 649; x_wconf 89' lang='lat' dir='ltr'><strong>quod</strong></span> <span class='ocrx_word' id='word_1_501' title='bbox 1315 618 1400 642; x_wconf 88' lang='lat' dir='ltr'><strong>alicui</strong></span> <span class='ocrx_word' id='word_1_502' title='bbox 1426 619 1459 643; x_wconf 90' lang='lat' dir='ltr'><strong>de</strong></span> <span class='ocrx_word' id='word_1_503' title='bbox 1486 619 1535 643; x_wconf 92' lang='lat' dir='ltr'><strong>illo</strong></span> <span class='ocrx_word' id='word_1_504' title='bbox 1556 620 1713 651; x_wconf 88' lang='lat' dir='ltr'><strong>apostolica</strong></span> <span class='ocrx_word' id='word_1_505' title='bbox 1730 621 1900 646; x_wconf 84' lang='lat' dir='ltr'><strong>auctoritate</strong></span> <span class='ocrx_word' id='word_1_506' title='bbox 1917 630 1980 654; x_wconf 44' lang='lat' dir='ltr'><strong>pro*</strong></span> 
     </span>
     <span class='ocr_line' id='line_1_67' title="bbox 1053 662 1981 690; baseline 0.005 -5"><span class='ocrx_word' id='word_1_507' title='bbox 1053 662 1146 686; x_wconf 86' lang='lat' dir='ltr'><strong>visum</strong></span> <span class='ocrx_word' id='word_1_508' title='bbox 1164 662 1249 686; x_wconf 81' lang='lat' dir='ltr'><strong>suerit</strong></span> <span class='ocrx_word' id='word_1_509' title='bbox 1265 665 1380 687; x_wconf 74' lang='lat' dir='ltr'><strong>extunc</strong></span> <span class='ocrx_word' id='word_1_510' title='bbox 1402 665 1429 687; x_wconf 90' lang='lat' dir='ltr'><strong>et</strong></span> <span class='ocrx_word' id='word_1_511' title='bbox 1443 671 1501 688; x_wconf 90' lang='lat' dir='ltr'><strong>non</strong></span> <span class='ocrx_word' id='word_1_512' title='bbox 1519 666 1602 688; x_wconf 89' lang='lat' dir='ltr'><strong>antea</strong></span> <span class='ocrx_word' id='word_1_513' title='bbox 1622 664 1780 689; x_wconf 90' lang='lat' dir='ltr'><strong>ordinarius</strong></span> <span class='ocrx_word' id='word_1_514' title='bbox 1795 665 1838 689; x_wconf 81' lang='lat' dir='ltr'><strong>vel</strong></span> <span class='ocrx_word' id='word_1_515' title='bbox 1857 665 1928 689; x_wconf 88' lang='lat' dir='ltr'><strong>alius</strong></span> <span class='ocrx_word' id='word_1_516' title='bbox 1948 666 1981 690; x_wconf 93' lang='lat' dir='ltr'><strong>ad</strong></span> 
     </span>
     <span class='ocr_line' id='line_1_68' title="bbox 1053 706 1980 741; baseline 0.004 -11"><span class='ocrx_word' id='word_1_517' title='bbox 1053 713 1136 738; x_wconf 88' lang='lat' dir='ltr'><strong>quem</strong></span> <span class='ocrx_word' id='word_1_518' title='bbox 1163 706 1239 730; x_wconf 86' lang='lat' dir='ltr'><strong>illius</strong></span> <span class='ocrx_word' id='word_1_519' title='bbox 1261 707 1408 739; x_wconf 77' lang='lat' dir='ltr'><strong>dispositio</strong></span> <span class='ocrx_word' id='word_1_520' title='bbox 1428 707 1584 739; x_wconf 85' lang='lat' dir='ltr'><strong>pertinebit</strong></span> <span class='ocrx_word' id='word_1_521' title='bbox 1605 708 1639 732; x_wconf 89' lang='lat' dir='ltr'><strong>de</strong></span> <span class='ocrx_word' id='word_1_522' title='bbox 1662 708 1710 732; x_wconf 90' lang='lat' dir='ltr'><strong>illo</strong></span> <span class='ocrx_word' id='word_1_523' title='bbox 1731 708 1817 733; x_wconf 82' lang='lat' dir='ltr'><strong>libere</strong></span> <span class='ocrx_word' id='word_1_524' title='bbox 1832 709 1980 741; x_wconf 80' lang='lat' dir='ltr'><strong>disponere</strong></span> 
     </span>
     <span class='ocr_line' id='line_1_69' title="bbox 1051 750 1977 782; baseline 0.004 -9"><span class='ocrx_word' id='word_1_525' title='bbox 1051 750 1166 782; x_wconf 88' lang='lat' dir='ltr'><strong>poterit.</strong></span> <span class='ocrx_word' id='word_1_526' title='bbox 1186 750 1221 774; x_wconf 81' lang='lat' dir='ltr'><strong>Et</strong></span> <span class='ocrx_word' id='word_1_527' title='bbox 1237 750 1268 774; x_wconf 92' lang='lat' dir='ltr'><strong>ad</strong></span> <span class='ocrx_word' id='word_1_528' title='bbox 1287 750 1371 775; x_wconf 84' lang='lat' dir='ltr'><strong>finem</strong></span> <span class='ocrx_word' id='word_1_529' title='bbox 1394 755 1424 775; x_wconf 90' lang='lat' dir='ltr'><strong>ut</strong></span> <span class='ocrx_word' id='word_1_530' title='bbox 1440 751 1493 776; x_wconf 90' lang='lat' dir='ltr'><strong>hec</strong></span> <span class='ocrx_word' id='word_1_531' title='bbox 1512 752 1653 776; x_wconf 84' lang='lat' dir='ltr'><strong>ordinatio</strong></span> <span class='ocrx_word' id='word_1_532' title='bbox 1669 752 1855 777; x_wconf 82' lang='lat' dir='ltr'><strong>collationum</strong></span> <span class='ocrx_word' id='word_1_533' title='bbox 1869 754 1977 777; x_wconf 81' lang='lat' dir='ltr'><strong>beneti-</strong></span> 
     </span>
     <span class='ocr_line' id='line_1_70' title="bbox 1052 793 1980 829; baseline 0.004 -12"><span class='ocrx_word' id='word_1_534' title='bbox 1052 793 1162 818; x_wconf 86' lang='lat' dir='ltr'><strong>ciorum</strong></span> <span class='ocrx_word' id='word_1_535' title='bbox 1186 802 1243 818; x_wconf 90' lang='lat' dir='ltr'><strong>non</strong></span> <span class='ocrx_word' id='word_1_536' title='bbox 1265 798 1476 819; x_wconf 81' lang='lat' dir='ltr'><strong>reservatorum</strong></span> <span class='ocrx_word' id='word_1_537' title='bbox 1499 803 1550 827; x_wconf 88' lang='lat' dir='ltr'><strong>per</strong></span> <span class='ocrx_word' id='word_1_538' title='bbox 1577 796 1734 821; x_wconf 76' lang='lat' dir='ltr'><strong>alternatos</strong></span> <span class='ocrx_word' id='word_1_539' title='bbox 1756 804 1866 821; x_wconf 86' lang='lat' dir='ltr'><strong>menses</strong></span> <span class='ocrx_word' id='word_1_540' title='bbox 1889 799 1980 829; x_wconf 80' lang='lat' dir='ltr'><strong>possit</strong></span> 
     </span>
     <span class='ocr_line' id='line_1_71' title="bbox 1052 837 1978 874; baseline 0.005 -13"><span class='ocrx_word' id='word_1_541' title='bbox 1052 845 1103 870; x_wconf 92' lang='lat' dir='ltr'><strong>per</strong></span> <span class='ocrx_word' id='word_1_542' title='bbox 1118 837 1221 862; x_wconf 88' lang='lat' dir='ltr'><strong>dictam</strong></span> <span class='ocrx_word' id='word_1_543' title='bbox 1240 839 1416 864; x_wconf 81' lang='lat' dir='ltr'><strong>vacationem</strong></span> <span class='ocrx_word' id='word_1_544' title='bbox 1433 839 1571 871; x_wconf 83' lang='lat' dir='ltr'><strong>publicari</strong></span> <span class='ocrx_word' id='word_1_545' title='bbox 1588 842 1615 864; x_wconf 88' lang='lat' dir='ltr'><strong>et</strong></span> <span class='ocrx_word' id='word_1_546' title='bbox 1633 848 1732 864; x_wconf 83' lang='lat' dir='ltr'><strong>omncs</strong></span> <span class='ocrx_word' id='word_1_547' title='bbox 1746 841 1793 873; x_wconf 90' lang='lat' dir='ltr'><strong>qui</strong></span> <span class='ocrx_word' id='word_1_548' title='bbox 1808 849 1839 866; x_wconf 88' lang='lat' dir='ltr'><strong>ea</strong></span> <span class='ocrx_word' id='word_1_549' title='bbox 1854 842 1978 874; x_wconf 74' lang='lat' dir='ltr'><strong>gaudere</strong></span> 
     </span>
     <span class='ocr_line' id='line_1_72' title="bbox 1052 882 1978 917; baseline 0.002 -11"><span class='ocrx_word' id='word_1_550' title='bbox 1052 882 1197 906; x_wconf 88' lang='lat' dir='ltr'><strong>voluerint</strong></span> <span class='ocrx_word' id='word_1_551' title='bbox 1211 885 1324 915; x_wconf 85' lang='lat' dir='ltr'><strong>tempus</strong></span> <span class='ocrx_word' id='word_1_552' title='bbox 1341 891 1499 916; x_wconf 74' lang='lat' dir='ltr'><strong>congruum</strong></span> <span class='ocrx_word' id='word_1_553' title='bbox 1516 884 1640 907; x_wconf 86' lang='lat' dir='ltr'><strong>habeant</strong></span> <span class='ocrx_word' id='word_1_554' title='bbox 1658 892 1719 908; x_wconf 87' lang='lat' dir='ltr'><strong>eam</strong></span> <span class='ocrx_word' id='word_1_555' title='bbox 1736 886 1900 917; x_wconf 85' lang='lat' dir='ltr'><strong>acceptandi</strong></span> <span class='ocrx_word' id='word_1_556' title='bbox 1911 888 1978 910; x_wconf 72' lang='lat' dir='ltr'><strong>tun«-</strong></span> 
     </span>
     <span class='ocr_line' id='line_1_73' title="bbox 1054 926 1979 961; baseline 0.004 -11"><span class='ocrx_word' id='word_1_557' title='bbox 1054 926 1258 958; x_wconf 83' lang='lat' dir='ltr'><strong>quoaddictam</strong></span> <span class='ocrx_word' id='word_1_558' title='bbox 1275 927 1369 952; x_wconf 84' lang='lat' dir='ltr'><strong>sedem</strong></span> <span class='ocrx_word' id='word_1_559' title='bbox 1388 927 1416 951; x_wconf 93' lang='lat' dir='ltr'><strong>in</strong></span> <span class='ocrx_word' id='word_1_560' title='bbox 1432 927 1561 951; x_wconf 75' lang='lat' dir='ltr'><strong>kalendis</strong></span> <span class='ocrx_word' id='word_1_561' title='bbox 1576 927 1655 952; x_wconf 90' lang='lat' dir='ltr'><strong>Junii</strong></span> <span class='ocrx_word' id='word_1_562' title='bbox 1672 929 1798 960; x_wconf 72' lang='lat' dir='ltr'><strong>proxime</strong></span> <span class='ocrx_word' id='word_1_563' title='bbox 1815 930 1903 953; x_wconf 77' lang='lat' dir='ltr'><strong>futuri</strong></span> <span class='ocrx_word' id='word_1_564' title='bbox 1921 930 1979 961; x_wconf 81' lang='lat' dir='ltr'><strong>ipsa</strong></span> 
     </span>
     <span class='ocr_line' id='line_1_74' title="bbox 1052 970 1977 1004; baseline 0.004 -10"><span class='ocrx_word' id='word_1_565' title='bbox 1052 978 1166 994; x_wconf 81' lang='lat' dir='ltr'><strong>currere</strong></span> <span class='ocrx_word' id='word_1_566' title='bbox 1184 970 1300 1003; x_wconf 84' lang='lat' dir='ltr'><strong>incipiet</strong></span> <span class='ocrx_word' id='word_1_567' title='bbox 1316 978 1347 995; x_wconf 89' lang='lat' dir='ltr'><strong>ac</strong></span> <span class='ocrx_word' id='word_1_568' title='bbox 1362 971 1473 995; x_wconf 86' lang='lat' dir='ltr'><strong>durabit</strong></span> <span class='ocrx_word' id='word_1_569' title='bbox 1488 971 1622 1004; x_wconf 75' lang='lat' dir='ltr'><strong>deinceps</strong></span> <span class='ocrx_word' id='word_1_570' title='bbox 1647 972 1702 997; x_wconf 91' lang='lat' dir='ltr'><strong>nisi</strong></span> <span class='ocrx_word' id='word_1_571' title='bbox 1722 972 1749 997; x_wconf 91' lang='lat' dir='ltr'><strong>in</strong></span> <span class='ocrx_word' id='word_1_572' title='bbox 1771 973 1867 998; x_wconf 80' lang='lat' dir='ltr'><strong>futuro</strong></span> <span class='ocrx_word' id='word_1_573' title='bbox 1884 975 1977 998; x_wconf 72' lang='lat' dir='ltr'><strong>conc-i-</strong></span> 
     </span>
     <span class='ocr_line' id='line_1_75' title="bbox 1051 1014 1978 1042; baseline 0.004 -4"><span class='ocrx_word' id='word_1_574' title='bbox 1051 1014 1089 1038; x_wconf 90' lang='lat' dir='ltr'><strong>lio</strong></span> <span class='ocrx_word' id='word_1_575' title='bbox 1116 1014 1148 1038; x_wconf 88' lang='lat' dir='ltr'><strong>de</strong></span> <span class='ocrx_word' id='word_1_576' title='bbox 1174 1022 1316 1039; x_wconf 88' lang='lat' dir='ltr'><strong>consensu</strong></span> <span class='ocrx_word' id='word_1_577' title='bbox 1340 1015 1413 1039; x_wconf 83' lang='lat' dir='ltr'><strong>dicte</strong></span> <span class='ocrx_word' id='word_1_578' title='bbox 1435 1016 1561 1039; x_wconf 89' lang='lat' dir='ltr'><strong>nationis</strong></span> <span class='ocrx_word' id='word_1_579' title='bbox 1589 1016 1672 1039; x_wconf 89' lang='lat' dir='ltr'><strong>aliter</strong></span> <span class='ocrx_word' id='word_1_580' title='bbox 1700 1017 1787 1041; x_wconf 82' lang='lat' dir='ltr'><strong>suerit</strong></span> <span class='ocrx_word' id='word_1_581' title='bbox 1809 1018 1978 1042; x_wconf 38' lang='lat' dir='ltr'><strong>ordinatum&gt;</strong></span> 
     </span>
     <span class='ocr_line' id='line_1_76' title="bbox 1053 1057 1978 1092; baseline 0.004 -10"><span class='ocrx_word' id='word_1_582' title='bbox 1053 1057 1153 1083; x_wconf 84' lang='lat' dir='ltr'><strong>Placet</strong></span> <span class='ocrx_word' id='word_1_583' title='bbox 1171 1058 1303 1082; x_wconf 82' lang='lat' dir='ltr'><strong>similiter</strong></span> <span class='ocrx_word' id='word_1_584' title='bbox 1322 1059 1404 1083; x_wconf 85' lang='lat' dir='ltr'><strong>nobis</strong></span> <span class='ocrx_word' id='word_1_585' title='bbox 1423 1060 1496 1090; x_wconf 88' lang='lat' dir='ltr'><strong>quod</strong></span> <span class='ocrx_word' id='word_1_586' title='bbox 1519 1060 1593 1084; x_wconf 69' lang='lat' dir='ltr'><strong>circ-a</strong></span> <span class='ocrx_word' id='word_1_587' title='bbox 1618 1061 1809 1092; x_wconf 84' lang='lat' dir='ltr'><strong>provisionem</strong></span> <span class='ocrx_word' id='word_1_588' title='bbox 1832 1062 1904 1086; x_wconf 74' lang='lat' dir='ltr'><strong>dicte</strong></span> <span class='ocrx_word' id='word_1_589' title='bbox 1921 1063 1978 1086; x_wconf 77' lang='lat' dir='ltr'><strong>sedi</strong></span> 
     </span>
     <span class='ocr_line' id='line_1_77' title="bbox 1052 1102 1977 1136; baseline 0.002 -10"><span class='ocrx_word' id='word_1_590' title='bbox 1052 1102 1237 1126; x_wconf 83' lang='lat' dir='ltr'><strong>ordinandam</strong></span> <span class='ocrx_word' id='word_1_591' title='bbox 1249 1103 1348 1127; x_wconf 87' lang='lat' dir='ltr'><strong>modus</strong></span> <span class='ocrx_word' id='word_1_592' title='bbox 1363 1106 1531 1128; x_wconf 77' lang='lat' dir='ltr'><strong>annatarum</strong></span> <span class='ocrx_word' id='word_1_593' title='bbox 1549 1103 1601 1126; x_wconf 79' lang='lat' dir='ltr'><strong>boc</strong></span> <span class='ocrx_word' id='word_1_594' title='bbox 1617 1104 1702 1128; x_wconf 86' lang='lat' dir='ltr'><strong>modo</strong></span> <span class='ocrx_word' id='word_1_595' title='bbox 1719 1108 1824 1136; x_wconf 75' lang='lat' dir='ltr'><strong>currat,</strong></span> <span class='ocrx_word' id='word_1_596' title='bbox 1843 1106 1875 1130; x_wconf 85' lang='lat' dir='ltr'><strong>de</strong></span> <span class='ocrx_word' id='word_1_597' title='bbox 1890 1107 1977 1130; x_wconf 53' lang='lat' dir='ltr'><strong>ecc-lm</strong></span> 
     </span>
     <span class='ocr_line' id='line_1_78' title="bbox 1053 1146 1977 1175; baseline 0.005 -5"><span class='ocrx_word' id='word_1_598' title='bbox 1053 1146 1102 1171; x_wconf 84' lang='lat' dir='ltr'><strong>siis</strong></span> <span class='ocrx_word' id='word_1_599' title='bbox 1119 1146 1331 1171; x_wconf 80' lang='lat' dir='ltr'><strong>cathedralibus</strong></span> <span class='ocrx_word' id='word_1_600' title='bbox 1354 1147 1485 1171; x_wconf 83' lang='lat' dir='ltr'><strong>omnibus</strong></span> <span class='ocrx_word' id='word_1_601' title='bbox 1510 1150 1537 1172; x_wconf 89' lang='lat' dir='ltr'><strong>et</strong></span> <span class='ocrx_word' id='word_1_602' title='bbox 1557 1147 1739 1173; x_wconf 82' lang='lat' dir='ltr'><strong>monasteriis</strong></span> <span class='ocrx_word' id='word_1_603' title='bbox 1758 1150 1884 1174; x_wconf 55' lang='lat' dir='ltr'><strong>virorum</strong></span> <span class='ocrx_word' id='word_1_604' title='bbox 1907 1151 1977 1175; x_wconf 80' lang='lat' dir='ltr'><strong>dun-</strong></span> 
     </span>
     <span class='ocr_line' id='line_1_79' title="bbox 1053 1191 1978 1226; baseline 0.004 -12"><span class='ocrx_word' id='word_1_605' title='bbox 1053 1192 1133 1214; x_wconf 82' lang='lat' dir='ltr'><strong>taxat</strong></span> <span class='ocrx_word' id='word_1_606' title='bbox 1144 1191 1313 1214; x_wconf 86' lang='lat' dir='ltr'><strong>vacantibus</strong></span> <span class='ocrx_word' id='word_1_607' title='bbox 1329 1194 1356 1215; x_wconf 88' lang='lat' dir='ltr'><strong>et</strong></span> <span class='ocrx_word' id='word_1_608' title='bbox 1370 1192 1512 1215; x_wconf 84' lang='lat' dir='ltr'><strong>vacaturis</strong></span> <span class='ocrx_word' id='word_1_609' title='bbox 1524 1192 1673 1216; x_wconf 84' lang='lat' dir='ltr'><strong>solvantur</strong></span> <span class='ocrx_word' id='word_1_610' title='bbox 1683 1200 1733 1224; x_wconf 87' lang='lat' dir='ltr'><strong>pro</strong></span> <span class='ocrx_word' id='word_1_611' title='bbox 1745 1192 1883 1218; x_wconf 68' lang='lat' dir='ltr'><strong>fruvtibns</strong></span> <span class='ocrx_word' id='word_1_612' title='bbox 1895 1195 1978 1226; x_wconf 90' lang='lat' dir='ltr'><strong>primi</strong></span> 
     </span>
     <span class='ocr_line' id='line_1_80' title="bbox 1053 1234 1979 1267; baseline 0.005 -9"><span class='ocrx_word' id='word_1_613' title='bbox 1053 1234 1118 1258; x_wconf 90' lang='lat' dir='ltr'><strong>anni</strong></span> <span class='ocrx_word' id='word_1_614' title='bbox 1134 1242 1148 1258; x_wconf 92' lang='lat' dir='ltr'><strong>a</strong></span> <span class='ocrx_word' id='word_1_615' title='bbox 1162 1234 1204 1259; x_wconf 87' lang='lat' dir='ltr'><strong>die</strong></span> <span class='ocrx_word' id='word_1_616' title='bbox 1223 1235 1382 1259; x_wconf 84' lang='lat' dir='ltr'><strong>vacationis</strong></span> <span class='ocrx_word' id='word_1_617' title='bbox 1401 1243 1511 1259; x_wconf 88' lang='lat' dir='ltr'><strong>summe</strong></span> <span class='ocrx_word' id='word_1_618' title='bbox 1527 1236 1712 1267; x_wconf 73' lang='lat' dir='ltr'><strong>pecuniarum</strong></span> <span class='ocrx_word' id='word_1_619' title='bbox 1732 1237 1760 1261; x_wconf 93' lang='lat' dir='ltr'><strong>in</strong></span> <span class='ocrx_word' id='word_1_620' title='bbox 1776 1237 1853 1262; x_wconf 87' lang='lat' dir='ltr'><strong>libris</strong></span> <span class='ocrx_word' id='word_1_621' title='bbox 1869 1247 1979 1263; x_wconf 82' lang='lat' dir='ltr'><strong>camere</strong></span> 
     </span>
     <span class='ocr_line' id='line_1_81' title="bbox 1053 1278 1981 1314; baseline 0.006 -13"><span class='ocrx_word' id='word_1_622' title='bbox 1053 1278 1210 1310; x_wconf 81' lang='lat' dir='ltr'><strong>apostolice</strong></span> <span class='ocrx_word' id='word_1_623' title='bbox 1232 1281 1326 1303; x_wconf 84' lang='lat' dir='ltr'><strong>taxate</strong></span> <span class='ocrx_word' id='word_1_624' title='bbox 1344 1287 1395 1311; x_wconf 87' lang='lat' dir='ltr'><strong>qne</strong></span> <span class='ocrx_word' id='word_1_625' title='bbox 1413 1279 1573 1304; x_wconf 85' lang='lat' dir='ltr'><strong>communia</strong></span> <span class='ocrx_word' id='word_1_626' title='bbox 1598 1280 1713 1304; x_wconf 75' lang='lat' dir='ltr'><strong>servitia</strong></span> <span class='ocrx_word' id='word_1_627' title='bbox 1729 1286 1934 1314; x_wconf 82' lang='lat' dir='ltr'><strong>nuncupantur</strong></span> <span class='ocrx_word' id='word_1_628' title='bbox 1953 1286 1981 1307; x_wconf 76' lang='lat' dir='ltr'><strong>et</strong></span> 
     </span>
     <span class='ocr_line' id='line_1_82' title="bbox 1052 1322 1980 1358; baseline 0.005 -13"><span class='ocrx_word' id='word_1_629' title='bbox 1052 1322 1140 1354; x_wconf 83' lang='lat' dir='ltr'><strong>sique</strong></span> <span class='ocrx_word' id='word_1_630' title='bbox 1151 1322 1292 1346; x_wconf 79' lang='lat' dir='ltr'><strong>excessive</strong></span> <span class='ocrx_word' id='word_1_631' title='bbox 1303 1326 1394 1347; x_wconf 78' lang='lat' dir='ltr'><strong>taxate</strong></span> <span class='ocrx_word' id='word_1_632' title='bbox 1413 1323 1470 1347; x_wconf 86' lang='lat' dir='ltr'><strong>sint</strong></span> <span class='ocrx_word' id='word_1_633' title='bbox 1489 1326 1655 1348; x_wconf 79' lang='lat' dir='ltr'><strong>retaxentnr</strong></span> <span class='ocrx_word' id='word_1_634' title='bbox 1667 1327 1694 1348; x_wconf 89' lang='lat' dir='ltr'><strong>et</strong></span> <span class='ocrx_word' id='word_1_635' title='bbox 1716 1325 1788 1357; x_wconf 87' lang='lat' dir='ltr'><strong>quod</strong></span> <span class='ocrx_word' id='word_1_636' title='bbox 1798 1326 1980 1358; x_wconf 78' lang='lat' dir='ltr'><strong>provideatur</strong></span> 
     </span>
     <span class='ocr_line' id='line_1_83' title="bbox 1052 1366 1980 1401; baseline 0.005 -12"><span class='ocrx_word' id='word_1_637' title='bbox 1052 1366 1213 1398; x_wconf 83' lang='lat' dir='ltr'><strong>specialiter</strong></span> <span class='ocrx_word' id='word_1_638' title='bbox 1228 1366 1256 1390; x_wconf 89' lang='lat' dir='ltr'><strong>in</strong></span> <span class='ocrx_word' id='word_1_639' title='bbox 1266 1367 1392 1400; x_wconf 75' lang='lat' dir='ltr'><strong>gravatis</strong></span> <span class='ocrx_word' id='word_1_640' title='bbox 1405 1367 1570 1400; x_wconf 79' lang='lat' dir='ltr'><strong>regionibus</strong></span> <span class='ocrx_word' id='word_1_641' title='bbox 1591 1369 1745 1393; x_wconf 86' lang='lat' dir='ltr'><strong>secundum</strong></span> <span class='ocrx_word' id='word_1_642' title='bbox 1761 1370 1926 1401; x_wconf 81' lang='lat' dir='ltr'><strong>qualitatem</strong></span> <span class='ocrx_word' id='word_1_643' title='bbox 1936 1379 1980 1394; x_wconf 83' lang='lat' dir='ltr'><strong>re-</strong></span> 
     </span>
     <span class='ocr_line' id='line_1_84' title="bbox 1051 1411 1979 1446; baseline 0.006 -13"><span class='ocrx_word' id='word_1_644' title='bbox 1051 1418 1114 1434; x_wconf 88' lang='lat' dir='ltr'><strong>rum</strong></span> <span class='ocrx_word' id='word_1_645' title='bbox 1136 1412 1297 1442; x_wconf 87' lang='lat' dir='ltr'><strong>temporum</strong></span> <span class='ocrx_word' id='word_1_646' title='bbox 1316 1413 1343 1435; x_wconf 86' lang='lat' dir='ltr'><strong>et</strong></span> <span class='ocrx_word' id='word_1_647' title='bbox 1358 1411 1509 1444; x_wconf 72' lang='lat' dir='ltr'><strong>regionum</strong></span> <span class='ocrx_word' id='word_1_648' title='bbox 1528 1420 1562 1436; x_wconf 90' lang='lat' dir='ltr'><strong>ne</strong></span> <span class='ocrx_word' id='word_1_649' title='bbox 1579 1411 1700 1437; x_wconf 90' lang='lat' dir='ltr'><strong>nimium</strong></span> <span class='ocrx_word' id='word_1_650' title='bbox 1719 1418 1927 1446; x_wconf 71' lang='lat' dir='ltr'><strong>pre-graventur</strong></span> <span class='ocrx_word' id='word_1_651' title='bbox 1947 1416 1979 1439; x_wconf 87' lang='lat' dir='ltr'><strong>ad</strong></span> 
     </span>
     <span class='ocr_line' id='line_1_85' title="bbox 1051 1454 1980 1490; baseline 0.004 -12"><span class='ocrx_word' id='word_1_652' title='bbox 1051 1454 1126 1486; x_wconf 87' lang='lat' dir='ltr'><strong>quod</strong></span> <span class='ocrx_word' id='word_1_653' title='bbox 1149 1454 1314 1487; x_wconf 88' lang='lat' dir='ltr'><strong>petentibus</strong></span> <span class='ocrx_word' id='word_1_654' title='bbox 1341 1454 1469 1479; x_wconf 81' lang='lat' dir='ltr'><strong>dabimus</strong></span> <span class='ocrx_word' id='word_1_655' title='bbox 1494 1457 1710 1481; x_wconf 76' lang='lat' dir='ltr'><strong>commissiones</strong></span> <span class='ocrx_word' id='word_1_656' title='bbox 1735 1457 1762 1481; x_wconf 89' lang='lat' dir='ltr'><strong>in</strong></span> <span class='ocrx_word' id='word_1_657' title='bbox 1784 1458 1911 1490; x_wconf 86' lang='lat' dir='ltr'><strong>partibus</strong></span> <span class='ocrx_word' id='word_1_658' title='bbox 1935 1460 1980 1490; x_wconf 88' lang='lat' dir='ltr'><strong>qui</strong></span> 
     </span>
     <span class='ocr_line' id='line_1_86' title="bbox 1052 1498 1981 1534; baseline 0.004 -12"><span class='ocrx_word' id='word_1_659' title='bbox 1052 1499 1209 1533; x_wconf 80' lang='lat' dir='ltr'><strong>diligenter</strong></span> <span class='ocrx_word' id='word_1_660' title='bbox 1238 1498 1382 1530; x_wconf 88' lang='lat' dir='ltr'><strong>inquirant</strong></span> <span class='ocrx_word' id='word_1_661' title='bbox 1412 1503 1440 1524; x_wconf 90' lang='lat' dir='ltr'><strong>et</strong></span> <span class='ocrx_word' id='word_1_662' title='bbox 1466 1503 1609 1526; x_wconf 78' lang='lat' dir='ltr'><strong>retaxent.</strong></span> <span class='ocrx_word' id='word_1_663' title='bbox 1642 1499 1719 1525; x_wconf 64' lang='lat' dir='ltr'><strong>Tam</strong></span> <span class='ocrx_word' id='word_1_664' title='bbox 1741 1505 1835 1526; x_wconf 85' lang='lat' dir='ltr'><strong>autem</strong></span> <span class='ocrx_word' id='word_1_665' title='bbox 1857 1502 1981 1534; x_wconf 78' lang='lat' dir='ltr'><strong>predicte</strong></span> 
     </span>
     <span class='ocr_line' id='line_1_87' title="bbox 1051 1542 1979 1578; baseline 0.004 -12"><span class='ocrx_word' id='word_1_666' title='bbox 1051 1552 1102 1575; x_wconf 90' lang='lat' dir='ltr'><strong>pro</strong></span> <span class='ocrx_word' id='word_1_667' title='bbox 1124 1542 1215 1567; x_wconf 86' lang='lat' dir='ltr'><strong>media</strong></span> <span class='ocrx_word' id='word_1_668' title='bbox 1239 1546 1318 1575; x_wconf 85' lang='lat' dir='ltr'><strong>parte</strong></span> <span class='ocrx_word' id='word_1_669' title='bbox 1340 1543 1413 1568; x_wconf 74' lang='lat' dir='ltr'><strong>infra</strong></span> <span class='ocrx_word' id='word_1_670' title='bbox 1434 1551 1542 1568; x_wconf 84' lang='lat' dir='ltr'><strong>annum</strong></span> <span class='ocrx_word' id='word_1_671' title='bbox 1569 1552 1583 1569; x_wconf 87' lang='lat' dir='ltr'><strong>a</strong></span> <span class='ocrx_word' id='word_1_672' title='bbox 1608 1544 1650 1568; x_wconf 86' lang='lat' dir='ltr'><strong>die</strong></span> <span class='ocrx_word' id='word_1_673' title='bbox 1672 1544 1766 1569; x_wconf 83' lang='lat' dir='ltr'><strong>habite</strong></span> <span class='ocrx_word' id='word_1_674' title='bbox 1790 1547 1979 1578; x_wconf 68' lang='lat' dir='ltr'><strong>possessionis</strong></span> 
     </span>
     <span class='ocr_line' id='line_1_88' title="bbox 1052 1585 1980 1622; baseline 0.005 -12"><span class='ocrx_word' id='word_1_675' title='bbox 1052 1586 1169 1619; x_wconf 85' lang='lat' dir='ltr'><strong>pacifice</strong></span> <span class='ocrx_word' id='word_1_676' title='bbox 1187 1585 1273 1611; x_wconf 81' lang='lat' dir='ltr'><strong>totius</strong></span> <span class='ocrx_word' id='word_1_677' title='bbox 1290 1587 1334 1611; x_wconf 86' lang='lat' dir='ltr'><strong>vel</strong></span> <span class='ocrx_word' id='word_1_678' title='bbox 1350 1587 1463 1611; x_wconf 80' lang='lat' dir='ltr'><strong>maioris</strong></span> <span class='ocrx_word' id='word_1_679' title='bbox 1479 1589 1569 1620; x_wconf 82' lang='lat' dir='ltr'><strong>partis</strong></span> <span class='ocrx_word' id='word_1_680' title='bbox 1588 1589 1716 1613; x_wconf 88' lang='lat' dir='ltr'><strong>solvatur</strong></span> <span class='ocrx_word' id='word_1_681' title='bbox 1739 1592 1767 1613; x_wconf 87' lang='lat' dir='ltr'><strong>et</strong></span> <span class='ocrx_word' id='word_1_682' title='bbox 1785 1598 1835 1622; x_wconf 90' lang='lat' dir='ltr'><strong>pro</strong></span> <span class='ocrx_word' id='word_1_683' title='bbox 1853 1591 1904 1614; x_wconf 86' lang='lat' dir='ltr'><strong>alia</strong></span> <span class='ocrx_word' id='word_1_684' title='bbox 1923 1599 1980 1615; x_wconf 82' lang='lat' dir='ltr'><strong>me-</strong></span> 
     </span>
     <span class='ocr_line' id='line_1_89' title="bbox 1052 1630 1981 1663; baseline 0.005 -9"><span class='ocrx_word' id='word_1_685' title='bbox 1052 1631 1096 1654; x_wconf 90' lang='lat' dir='ltr'><strong>dia</strong></span> <span class='ocrx_word' id='word_1_686' title='bbox 1112 1633 1192 1663; x_wconf 90' lang='lat' dir='ltr'><strong>parte</strong></span> <span class='ocrx_word' id='word_1_687' title='bbox 1216 1630 1289 1654; x_wconf 75' lang='lat' dir='ltr'><strong>infra</strong></span> <span class='ocrx_word' id='word_1_688' title='bbox 1315 1638 1421 1656; x_wconf 84' lang='lat' dir='ltr'><strong>annum</strong></span> <span class='ocrx_word' id='word_1_689' title='bbox 1441 1635 1615 1663; x_wconf 82' lang='lat' dir='ltr'><strong>sequentem·</strong></span> <span class='ocrx_word' id='word_1_690' title='bbox 1628 1635 1655 1656; x_wconf 87' lang='lat' dir='ltr'><strong>et</strong></span> <span class='ocrx_word' id='word_1_691' title='bbox 1678 1632 1699 1656; x_wconf 77' lang='lat' dir='ltr'><strong>si</strong></span> <span class='ocrx_word' id='word_1_692' title='bbox 1723 1632 1795 1656; x_wconf 81' lang='lat' dir='ltr'><strong>infra</strong></span> <span class='ocrx_word' id='word_1_693' title='bbox 1815 1641 1919 1658; x_wconf 90' lang='lat' dir='ltr'><strong>annum</strong></span> <span class='ocrx_word' id='word_1_694' title='bbox 1938 1635 1981 1659; x_wconf 83' lang='lat' dir='ltr'><strong>bis</strong></span> 
     </span>
     <span class='ocr_line' id='line_1_90' title="bbox 1052 1674 1979 1707; baseline 0.005 -9"><span class='ocrx_word' id='word_1_695' title='bbox 1052 1675 1099 1699; x_wconf 84' lang='lat' dir='ltr'><strong>vel</strong></span> <span class='ocrx_word' id='word_1_696' title='bbox 1116 1674 1223 1707; x_wconf 88' lang='lat' dir='ltr'><strong>pluries</strong></span> <span class='ocrx_word' id='word_1_697' title='bbox 1240 1675 1383 1700; x_wconf 79' lang='lat' dir='ltr'><strong>vacaverit</strong></span> <span class='ocrx_word' id='word_1_698' title='bbox 1400 1676 1489 1700; x_wconf 88' lang='lat' dir='ltr'><strong>semel</strong></span> <span class='ocrx_word' id='word_1_699' title='bbox 1507 1677 1618 1700; x_wconf 86' lang='lat' dir='ltr'><strong>tantum</strong></span> <span class='ocrx_word' id='word_1_700' title='bbox 1636 1675 1766 1700; x_wconf 85' lang='lat' dir='ltr'><strong>solvatur</strong></span> <span class='ocrx_word' id='word_1_701' title='bbox 1784 1685 1837 1702; x_wconf 86' lang='lat' dir='ltr'><strong>nec</strong></span> <span class='ocrx_word' id='word_1_702' title='bbox 1853 1678 1979 1703; x_wconf 87' lang='lat' dir='ltr'><strong>debitum</strong></span> 
     </span>
     <span class='ocr_line' id='line_1_91' title="bbox 1053 1718 1980 1746; baseline 0.004 -4"><span class='ocrx_word' id='word_1_703' title='bbox 1053 1718 1217 1743; x_wconf 85' lang='lat' dir='ltr'><strong>huiusmodi</strong></span> <span class='ocrx_word' id='word_1_704' title='bbox 1248 1719 1276 1743; x_wconf 92' lang='lat' dir='ltr'><strong>in</strong></span> <span class='ocrx_word' id='word_1_705' title='bbox 1300 1727 1497 1744; x_wconf 79' lang='lat' dir='ltr'><strong>successorem</strong></span> <span class='ocrx_word' id='word_1_706' title='bbox 1530 1720 1558 1744; x_wconf 92' lang='lat' dir='ltr'><strong>in</strong></span> <span class='ocrx_word' id='word_1_707' title='bbox 1580 1720 1701 1744; x_wconf 87' lang='lat' dir='ltr'><strong>ecclesia</strong></span> <span class='ocrx_word' id='word_1_708' title='bbox 1728 1720 1773 1745; x_wconf 73' lang='lat' dir='ltr'><strong>vel</strong></span> <span class='ocrx_word' id='word_1_709' title='bbox 1806 1723 1980 1746; x_wconf 78' lang='lat' dir='ltr'><strong>monasterio</strong></span> 
     </span>
     <span class='ocr_line' id='line_1_92' title="bbox 1053 1762 1980 1797; baseline 0.004 -10"><span class='ocrx_word' id='word_1_710' title='bbox 1053 1765 1196 1787; x_wconf 81' lang='lat' dir='ltr'><strong>transeat.</strong></span> <span class='ocrx_word' id='word_1_711' title='bbox 1215 1762 1256 1787; x_wconf 91' lang='lat' dir='ltr'><strong>De</strong></span> <span class='ocrx_word' id='word_1_712' title='bbox 1268 1763 1371 1788; x_wconf 87' lang='lat' dir='ltr'><strong>ceteris</strong></span> <span class='ocrx_word' id='word_1_713' title='bbox 1383 1771 1450 1787; x_wconf 79' lang='lat' dir='ltr'><strong>vero</strong></span> <span class='ocrx_word' id='word_1_714' title='bbox 1461 1763 1648 1797; x_wconf 76' lang='lat' dir='ltr'><strong>dignitatibus</strong></span> <span class='ocrx_word' id='word_1_715' title='bbox 1665 1765 1862 1796; x_wconf 83' lang='lat' dir='ltr'><strong>personalibus</strong></span> <span class='ocrx_word' id='word_1_716' title='bbox 1878 1766 1980 1791; x_wconf 80' lang='lat' dir='ltr'><strong>ol&#39;iiciis</strong></span> 
     </span>
     <span class='ocr_line' id='line_1_93' title="bbox 1056 1807 1981 1842; baseline 0.002 -10"><span class='ocrx_word' id='word_1_717' title='bbox 1056 1810 1086 1832; x_wconf 91' lang='lat' dir='ltr'><strong>et</strong></span> <span class='ocrx_word' id='word_1_718' title='bbox 1101 1807 1248 1832; x_wconf 81' lang='lat' dir='ltr'><strong>beneficiis</strong></span> <span class='ocrx_word' id='word_1_719' title='bbox 1264 1807 1438 1832; x_wconf 86' lang='lat' dir='ltr'><strong>secularibus</strong></span> <span class='ocrx_word' id='word_1_720' title='bbox 1457 1815 1488 1832; x_wconf 82' lang='lat' dir='ltr'><strong>ac</strong></span> <span class='ocrx_word' id='word_1_721' title='bbox 1509 1807 1688 1842; x_wconf 76' lang='lat' dir='ltr'><strong>regularibus</strong></span> <span class='ocrx_word' id='word_1_722' title='bbox 1700 1809 1914 1841; x_wconf 85' lang='lat' dir='ltr'><strong>quibuscunque</strong></span> <span class='ocrx_word' id='word_1_723' title='bbox 1927 1819 1981 1842; x_wconf 85' lang='lat' dir='ltr'><strong>que</strong></span> 
     </span>
     <span class='ocr_line' id='line_1_94' title="bbox 1052 1851 1981 1886; baseline 0.003 -11"><span class='ocrx_word' id='word_1_724' title='bbox 1052 1852 1223 1876; x_wconf 84' lang='lat' dir='ltr'><strong>auctoritate</strong></span> <span class='ocrx_word' id='word_1_725' title='bbox 1235 1851 1307 1876; x_wconf 85' lang='lat' dir='ltr'><strong>dicte</strong></span> <span class='ocrx_word' id='word_1_726' title='bbox 1324 1851 1397 1876; x_wconf 86' lang='lat' dir='ltr'><strong>sedis</strong></span> <span class='ocrx_word' id='word_1_727' title='bbox 1408 1851 1592 1876; x_wconf 87' lang='lat' dir='ltr'><strong>conferentur</strong></span> <span class='ocrx_word' id='word_1_728' title='bbox 1606 1852 1651 1876; x_wconf 69' lang='lat' dir='ltr'><strong>vel</strong></span> <span class='ocrx_word' id='word_1_729' title='bbox 1666 1852 1810 1884; x_wconf 84' lang='lat' dir='ltr'><strong>dequibus</strong></span> <span class='ocrx_word' id='word_1_730' title='bbox 1821 1854 1981 1886; x_wconf 76' lang='lat' dir='ltr'><strong>providebi-</strong></span> 
     </span>
     <span class='ocr_line' id='line_1_95' title="bbox 1053 1895 1981 1929; baseline 0.002 -9"><span class='ocrx_word' id='word_1_731' title='bbox 1053 1898 1105 1920; x_wconf 91' lang='lat' dir='ltr'><strong>tur</strong></span> <span class='ocrx_word' id='word_1_732' title='bbox 1114 1898 1295 1928; x_wconf 85' lang='lat' dir='ltr'><strong>preterquam</strong></span> <span class='ocrx_word' id='word_1_733' title='bbox 1305 1895 1403 1929; x_wconf 63' lang='lat' dir='ltr'><strong>xigore</strong></span> <span class='ocrx_word' id='word_1_734' title='bbox 1413 1895 1569 1929; x_wconf 83' lang='lat' dir='ltr'><strong>gratiarum</strong></span> <span class='ocrx_word' id='word_1_735' title='bbox 1584 1897 1824 1929; x_wconf 75' lang='lat' dir='ltr'><strong>expectativarum</strong></span> <span class='ocrx_word' id='word_1_736' title='bbox 1837 1901 1884 1922; x_wconf 91' lang='lat' dir='ltr'><strong>aut</strong></span> <span class='ocrx_word' id='word_1_737' title='bbox 1895 1906 1981 1923; x_wconf 71' lang='lat' dir='ltr'><strong>causa</strong></span> 
     </span>
     <span class='ocr_line' id='line_1_96' title="bbox 1052 1939 1981 1973; baseline 0.001 -8"><span class='ocrx_word' id='word_1_738' title='bbox 1052 1939 1273 1973; x_wconf 79' lang='lat' dir='ltr'><strong>permutationis</strong></span> <span class='ocrx_word' id='word_1_739' title='bbox 1283 1940 1431 1964; x_wconf 84' lang='lat' dir='ltr'><strong>solvantur</strong></span> <span class='ocrx_word' id='word_1_740' title='bbox 1446 1943 1607 1964; x_wconf 84' lang='lat' dir='ltr'><strong>annateseu</strong></span> <span class='ocrx_word' id='word_1_741' title='bbox 1618 1940 1701 1965; x_wconf 91' lang='lat' dir='ltr'><strong>medii</strong></span> <span class='ocrx_word' id='word_1_742' title='bbox 1720 1941 1827 1965; x_wconf 78' lang='lat' dir='ltr'><strong>fructus</strong></span> <span class='ocrx_word' id='word_1_743' title='bbox 1846 1942 1919 1966; x_wconf 77' lang='lat' dir='ltr'><strong>iuxta</strong></span> <span class='ocrx_word' id='word_1_744' title='bbox 1940 1945 1981 1966; x_wconf 88' lang='lat' dir='ltr'><strong>ta-</strong></span> 
     </span>
     <span class='ocr_line' id='line_1_97' title="bbox 1052 1983 1980 2017; baseline 0.002 -9"><span class='ocrx_word' id='word_1_745' title='bbox 1052 1992 1114 2009; x_wconf 86' lang='lat' dir='ltr'><strong>xam</strong></span> <span class='ocrx_word' id='word_1_746' title='bbox 1130 1984 1241 2008; x_wconf 84' lang='lat' dir='ltr'><strong>solitam</strong></span> <span class='ocrx_word' id='word_1_747' title='bbox 1259 1991 1272 2008; x_wconf 90' lang='lat' dir='ltr'><strong>a</strong></span> <span class='ocrx_word' id='word_1_748' title='bbox 1290 1987 1416 2016; x_wconf 89' lang='lat' dir='ltr'><strong>tempore</strong></span> <span class='ocrx_word' id='word_1_749' title='bbox 1430 1983 1622 2017; x_wconf 85' lang='lat' dir='ltr'><strong>possessionis</strong></span> <span class='ocrx_word' id='word_1_750' title='bbox 1639 1985 1710 2009; x_wconf 87' lang='lat' dir='ltr'><strong>insra</strong></span> <span class='ocrx_word' id='word_1_751' title='bbox 1731 1993 1837 2010; x_wconf 87' lang='lat' dir='ltr'><strong>annum</strong></span> <span class='ocrx_word' id='word_1_752' title='bbox 1859 1989 1885 2010; x_wconf 79' lang='lat' dir='ltr'><strong>ct</strong></span> <span class='ocrx_word' id='word_1_753' title='bbox 1903 1986 1980 2011; x_wconf 90' lang='lat' dir='ltr'><strong>debi-</strong></span> 
     </span>
     <span class='ocr_line' id='line_1_98' title="bbox 1053 2027 1980 2055; baseline 0.003 -4"><span class='ocrx_word' id='word_1_754' title='bbox 1053 2031 1113 2052; x_wconf 90' lang='lat' dir='ltr'><strong>tum</strong></span> <span class='ocrx_word' id='word_1_755' title='bbox 1130 2027 1291 2052; x_wconf 83' lang='lat' dir='ltr'><strong>huiusmodi</strong></span> <span class='ocrx_word' id='word_1_756' title='bbox 1311 2028 1441 2053; x_wconf 86' lang='lat' dir='ltr'><strong>similiter</strong></span> <span class='ocrx_word' id='word_1_757' title='bbox 1456 2029 1484 2053; x_wconf 90' lang='lat' dir='ltr'><strong>in</strong></span> <span class='ocrx_word' id='word_1_758' title='bbox 1505 2035 1698 2054; x_wconf 75' lang='lat' dir='ltr'><strong>successorem</strong></span> <span class='ocrx_word' id='word_1_759' title='bbox 1724 2030 1751 2054; x_wconf 91' lang='lat' dir='ltr'><strong>in</strong></span> <span class='ocrx_word' id='word_1_760' title='bbox 1769 2030 1906 2054; x_wconf 64' lang='lat' dir='ltr'><strong>beneficio</strong></span> <span class='ocrx_word' id='word_1_761' title='bbox 1924 2039 1980 2055; x_wconf 87' lang='lat' dir='ltr'><strong>non</strong></span> 
     </span>
     <span class='ocr_line' id='line_1_99' title="bbox 1053 2072 1981 2108; baseline 0.003 -12"><span class='ocrx_word' id='word_1_762' title='bbox 1053 2074 1189 2103; x_wconf 78' lang='lat' dir='ltr'><strong>transeat,</strong></span> <span class='ocrx_word' id='word_1_763' title='bbox 1212 2072 1260 2097; x_wconf 89' lang='lat' dir='ltr'><strong>sed</strong></span> <span class='ocrx_word' id='word_1_764' title='bbox 1286 2073 1319 2097; x_wconf 87' lang='lat' dir='ltr'><strong>(le</strong></span> <span class='ocrx_word' id='word_1_765' title='bbox 1335 2072 1480 2098; x_wconf 84' lang='lat' dir='ltr'><strong>beneficiis</strong></span> <span class='ocrx_word' id='word_1_766' title='bbox 1506 2081 1560 2105; x_wconf 88' lang='lat' dir='ltr'><strong>que</strong></span> <span class='ocrx_word' id='word_1_767' title='bbox 1585 2074 1709 2099; x_wconf 75' lang='lat' dir='ltr'><strong>valorem</strong></span> <span class='ocrx_word' id='word_1_768' title='bbox 1737 2075 1836 2108; x_wconf 72' lang='lat' dir='ltr'><strong>viginti</strong></span> <span class='ocrx_word' id='word_1_769' title='bbox 1861 2079 1981 2106; x_wconf 87' lang='lat' dir='ltr'><strong>quatuor</strong></span> 
     </span>
     <span class='ocr_line' id='line_1_100' title="bbox 1052 2116 1981 2144; baseline 0.003 -4"><span class='ocrx_word' id='word_1_770' title='bbox 1052 2116 1226 2141; x_wconf 86' lang='lat' dir='ltr'><strong>florenorum</strong></span> <span class='ocrx_word' id='word_1_771' title='bbox 1250 2117 1309 2141; x_wconf 91' lang='lat' dir='ltr'><strong>auri</strong></span> <span class='ocrx_word' id='word_1_772' title='bbox 1332 2117 1365 2141; x_wconf 87' lang='lat' dir='ltr'><strong>de</strong></span> <span class='ocrx_word' id='word_1_773' title='bbox 1382 2125 1491 2142; x_wconf 86' lang='lat' dir='ltr'><strong>camera</strong></span> <span class='ocrx_word' id='word_1_774' title='bbox 1514 2126 1570 2143; x_wconf 89' lang='lat' dir='ltr'><strong>non</strong></span> <span class='ocrx_word' id='word_1_775' title='bbox 1592 2118 1731 2142; x_wconf 83' lang='lat' dir='ltr'><strong>excedunt</strong></span> <span class='ocrx_word' id='word_1_776' title='bbox 1750 2118 1835 2142; x_wconf 82' lang='lat' dir='ltr'><strong>nichil</strong></span> <span class='ocrx_word' id='word_1_777' title='bbox 1853 2119 1981 2144; x_wconf 82' lang='lat' dir='ltr'><strong>solvatur</strong></span> 
     </span>
     <span class='ocr_line' id='line_1_101' title="bbox 1053 2161 1979 2194; baseline 0.002 -9"><span class='ocrx_word' id='word_1_778' title='bbox 1053 2163 1207 2192; x_wconf 86' lang='lat' dir='ltr'><strong>curratque</strong></span> <span class='ocrx_word' id='word_1_779' title='bbox 1224 2161 1275 2185; x_wconf 85' lang='lat' dir='ltr'><strong>hec</strong></span> <span class='ocrx_word' id='word_1_780' title='bbox 1297 2161 1477 2185; x_wconf 82' lang='lat' dir='ltr'><strong>observantia</strong></span> <span class='ocrx_word' id='word_1_781' title='bbox 1495 2162 1628 2194; x_wconf 75' lang='lat' dir='ltr'><strong>deinceps</strong></span> <span class='ocrx_word' id='word_1_782' title='bbox 1646 2163 1700 2186; x_wconf 91' lang='lat' dir='ltr'><strong>nisi</strong></span> <span class='ocrx_word' id='word_1_783' title='bbox 1717 2170 1777 2187; x_wconf 88' lang='lat' dir='ltr'><strong>eam</strong></span> <span class='ocrx_word' id='word_1_784' title='bbox 1800 2163 1930 2187; x_wconf 83' lang='lat' dir='ltr'><strong>similiter</strong></span> <span class='ocrx_word' id='word_1_785' title='bbox 1951 2165 1979 2188; x_wconf 92' lang='lat' dir='ltr'><strong>in</strong></span> 
     </span>
     <span class='ocr_line' id='line_1_102' title="bbox 1054 2204 1979 2240; baseline 0.004 -12"><span class='ocrx_word' id='word_1_786' title='bbox 1054 2204 1151 2229; x_wconf 82' lang='lat' dir='ltr'><strong>futuro</strong></span> <span class='ocrx_word' id='word_1_787' title='bbox 1171 2205 1291 2229; x_wconf 90' lang='lat' dir='ltr'><strong>concilio</strong></span> <span class='ocrx_word' id='word_1_788' title='bbox 1306 2205 1340 2229; x_wconf 86' lang='lat' dir='ltr'><strong>de</strong></span> <span class='ocrx_word' id='word_1_789' title='bbox 1357 2205 1445 2238; x_wconf 84' lang='lat' dir='ltr'><strong>ipsius</strong></span> <span class='ocrx_word' id='word_1_790' title='bbox 1465 2207 1588 2231; x_wconf 87' lang='lat' dir='ltr'><strong>nationis</strong></span> <span class='ocrx_word' id='word_1_791' title='bbox 1606 2214 1747 2231; x_wconf 84' lang='lat' dir='ltr'><strong>consensu</strong></span> <span class='ocrx_word' id='word_1_792' title='bbox 1767 2208 1913 2240; x_wconf 70' lang='lat' dir='ltr'><strong>contingat</strong></span> <span class='ocrx_word' id='word_1_793' title='bbox 1929 2207 1979 2232; x_wconf 90' lang='lat' dir='ltr'><strong>im-</strong></span> 
     </span>
     <span class='ocr_line' id='line_1_103' title="bbox 1052 2249 1981 2284; baseline 0.003 -11"><span class='ocrx_word' id='word_1_794' title='bbox 1052 2249 1163 2274; x_wconf 90' lang='lat' dir='ltr'><strong>mutari.</strong></span> <span class='ocrx_word' id='word_1_795' title='bbox 1187 2249 1221 2274; x_wconf 91' lang='lat' dir='ltr'><strong>ln</strong></span> <span class='ocrx_word' id='word_1_796' title='bbox 1239 2249 1300 2274; x_wconf 89' lang='lat' dir='ltr'><strong>aliis</strong></span> <span class='ocrx_word' id='word_1_797' title='bbox 1317 2252 1410 2274; x_wconf 85' lang='lat' dir='ltr'><strong>autem</strong></span> <span class='ocrx_word' id='word_1_798' title='bbox 1428 2257 1480 2281; x_wconf 87' lang='lat' dir='ltr'><strong>que</strong></span> <span class='ocrx_word' id='word_1_799' title='bbox 1494 2258 1545 2282; x_wconf 87' lang='lat' dir='ltr'><strong>per</strong></span> <span class='ocrx_word' id='word_1_800' title='bbox 1560 2250 1649 2274; x_wconf 79' lang='lat' dir='ltr'><strong>felicis</strong></span> <span class='ocrx_word' id='word_1_801' title='bbox 1669 2250 1870 2275; x_wconf 77' lang='lat' dir='ltr'><strong>recordationis</strong></span> <span class='ocrx_word' id='word_1_802' title='bbox 1887 2251 1981 2284; x_wconf 76' lang='lat' dir='ltr'><strong>Euge-</strong></span> 
     </span>
     <span class='ocr_line' id='line_1_104' title="bbox 1053 2293 1979 2326; baseline 0.003 -9"><span class='ocrx_word' id='word_1_803' title='bbox 1053 2294 1130 2318; x_wconf 92' lang='lat' dir='ltr'><strong>nium</strong></span> <span class='ocrx_word' id='word_1_804' title='bbox 1145 2300 1245 2326; x_wconf 82' lang='lat' dir='ltr'><strong>papam</strong></span> <span class='ocrx_word' id='word_1_805' title='bbox 1257 2293 1304 2318; x_wconf 85' lang='lat' dir='ltr'><strong>lv.</strong></span> <span class='ocrx_word' id='word_1_806' title='bbox 1317 2294 1544 2326; x_wconf 86' lang='lat' dir='ltr'><strong>predecessorem</strong></span> <span class='ocrx_word' id='word_1_807' title='bbox 1562 2296 1692 2318; x_wconf 86' lang='lat' dir='ltr'><strong>nostrum</strong></span> <span class='ocrx_word' id='word_1_808' title='bbox 1709 2302 1759 2326; x_wconf 90' lang='lat' dir='ltr'><strong>pro</strong></span> <span class='ocrx_word' id='word_1_809' title='bbox 1777 2295 1848 2319; x_wconf 87' lang='lat' dir='ltr'><strong>dicta</strong></span> <span class='ocrx_word' id='word_1_810' title='bbox 1865 2297 1979 2321; x_wconf 79' lang='lat' dir='ltr'><strong>natione</strong></span> 
     </span>
     <span class='ocr_line' id='line_1_105' title="bbox 1052 2337 1978 2370; baseline 0.003 -8"><span class='ocrx_word' id='word_1_811' title='bbox 1052 2344 1141 2369; x_wconf 88' lang='lat' dir='ltr'><strong>usque</strong></span> <span class='ocrx_word' id='word_1_812' title='bbox 1166 2337 1199 2362; x_wconf 89' lang='lat' dir='ltr'><strong>ad</strong></span> <span class='ocrx_word' id='word_1_813' title='bbox 1217 2340 1330 2370; x_wconf 86' lang='lat' dir='ltr'><strong>tempus</strong></span> <span class='ocrx_word' id='word_1_814' title='bbox 1348 2338 1436 2362; x_wconf 78' lang='lat' dir='ltr'><strong>futuri</strong></span> <span class='ocrx_word' id='word_1_815' title='bbox 1454 2337 1597 2370; x_wconf 69' lang='lat' dir='ltr'><strong>generalis</strong></span> <span class='ocrx_word' id='word_1_816' title='bbox 1620 2339 1729 2362; x_wconf 77' lang='lat' dir='ltr'><strong>concilii</strong></span> <span class='ocrx_word' id='word_1_817' title='bbox 1753 2340 1891 2370; x_wconf 78' lang='lat' dir='ltr'><strong>permissa</strong></span> <span class='ocrx_word' id='word_1_818' title='bbox 1911 2349 1978 2365; x_wconf 22' lang='lat' dir='ltr'><strong>von?</strong></span> 
     </span>
     <span class='ocr_line' id='line_1_106' title="bbox 1053 2381 1979 2414; baseline 0.005 -9"><span class='ocrx_word' id='word_1_819' title='bbox 1053 2389 1132 2405; x_wconf 84' lang='lat' dir='ltr'><strong>cessa</strong></span> <span class='ocrx_word' id='word_1_820' title='bbox 1151 2381 1258 2406; x_wconf 88' lang='lat' dir='ltr'><strong>indulta</strong></span> <span class='ocrx_word' id='word_1_821' title='bbox 1275 2386 1301 2407; x_wconf 84' lang='lat' dir='ltr'><strong>et</strong></span> <span class='ocrx_word' id='word_1_822' title='bbox 1317 2382 1430 2406; x_wconf 85' lang='lat' dir='ltr'><strong>decreta</strong></span> <span class='ocrx_word' id='word_1_823' title='bbox 1447 2389 1478 2406; x_wconf 84' lang='lat' dir='ltr'><strong>ac</strong></span> <span class='ocrx_word' id='word_1_824' title='bbox 1497 2389 1547 2414; x_wconf 87' lang='lat' dir='ltr'><strong>per</strong></span> <span class='ocrx_word' id='word_1_825' title='bbox 1563 2390 1616 2407; x_wconf 89' lang='lat' dir='ltr'><strong>nos</strong></span> <span class='ocrx_word' id='word_1_826' title='bbox 1633 2383 1802 2408; x_wconf 86' lang='lat' dir='ltr'><strong>confirmata</strong></span> <span class='ocrx_word' id='word_1_827' title='bbox 1817 2384 1935 2409; x_wconf 77' lang='lat' dir='ltr'><strong>suerunt</strong></span> <span class='ocrx_word' id='word_1_828' title='bbox 1951 2386 1979 2410; x_wconf 86' lang='lat' dir='ltr'><strong>in</strong></span> 
     </span>
     <span class='ocr_line' id='line_1_107' title="bbox 1051 2426 1979 2458; baseline 0.004 -9"><span class='ocrx_word' id='word_1_829' title='bbox 1051 2429 1187 2456; x_wconf 89' lang='lat' dir='ltr'><strong>quantum</strong></span> <span class='ocrx_word' id='word_1_830' title='bbox 1203 2426 1250 2450; x_wconf 91' lang='lat' dir='ltr'><strong>illa</strong></span> <span class='ocrx_word' id='word_1_831' title='bbox 1273 2426 1422 2451; x_wconf 84' lang='lat' dir='ltr'><strong>concordie</strong></span> <span class='ocrx_word' id='word_1_832' title='bbox 1448 2427 1576 2458; x_wconf 87' lang='lat' dir='ltr'><strong>presenti</strong></span> <span class='ocrx_word' id='word_1_833' title='bbox 1604 2435 1660 2451; x_wconf 92' lang='lat' dir='ltr'><strong>non</strong></span> <span class='ocrx_word' id='word_1_834' title='bbox 1687 2427 1819 2458; x_wconf 75' lang='lat' dir='ltr'><strong>obviant,</strong></span> <span class='ocrx_word' id='word_1_835' title='bbox 1848 2429 1899 2453; x_wconf 80' lang='lat' dir='ltr'><strong>ista</strong></span> <span class='ocrx_word' id='word_1_836' title='bbox 1920 2430 1979 2454; x_wconf 74' lang='lat' dir='ltr'><strong>vice</strong></span> 
     </span>
     <span class='ocr_line' id='line_1_108' title="bbox 1049 2469 1980 2504; baseline 0.004 -11"><span class='ocrx_word' id='word_1_837' title='bbox 1049 2469 1138 2494; x_wconf 89' lang='lat' dir='ltr'><strong>nichil</strong></span> <span class='ocrx_word' id='word_1_838' title='bbox 1158 2478 1218 2494; x_wconf 84' lang='lat' dir='ltr'><strong>esse</strong></span> <span class='ocrx_word' id='word_1_839' title='bbox 1235 2471 1366 2494; x_wconf 87' lang='lat' dir='ltr'><strong>volumus</strong></span> <span class='ocrx_word' id='word_1_840' title='bbox 1384 2473 1589 2495; x_wconf 89' lang='lat' dir='ltr'><strong>commutatum</strong></span> <span class='ocrx_word' id='word_1_841' title='bbox 1605 2474 1632 2496; x_wconf 92' lang='lat' dir='ltr'><strong>et</strong></span> <span class='ocrx_word' id='word_1_842' title='bbox 1646 2479 1697 2504; x_wconf 88' lang='lat' dir='ltr'><strong>per</strong></span> <span class='ocrx_word' id='word_1_843' title='bbox 1713 2472 1765 2496; x_wconf 87' lang='lat' dir='ltr'><strong>hoc</strong></span> <span class='ocrx_word' id='word_1_844' title='bbox 1780 2473 1854 2504; x_wconf 88' lang='lat' dir='ltr'><strong>quod</strong></span> <span class='ocrx_word' id='word_1_845' title='bbox 1870 2473 1898 2497; x_wconf 92' lang='lat' dir='ltr'><strong>in</strong></span> <span class='ocrx_word' id='word_1_846' title='bbox 1914 2482 1980 2497; x_wconf 84' lang='lat' dir='ltr'><strong>con-</strong></span> 
     </span>
     <span class='ocr_line' id='line_1_109' title="bbox 1051 2514 1979 2546; baseline 0.005 -9"><span class='ocrx_word' id='word_1_847' title='bbox 1051 2514 1177 2538; x_wconf 85' lang='lat' dir='ltr'><strong>cordatis</strong></span> <span class='ocrx_word' id='word_1_848' title='bbox 1197 2514 1356 2538; x_wconf 78' lang='lat' dir='ltr'><strong>huiusmodi</strong></span> <span class='ocrx_word' id='word_1_849' title='bbox 1379 2514 1437 2538; x_wconf 84' lang='lat' dir='ltr'><strong>siue</strong></span> <span class='ocrx_word' id='word_1_850' title='bbox 1459 2514 1605 2546; x_wconf 85' lang='lat' dir='ltr'><strong>quibusvis</strong></span> <span class='ocrx_word' id='word_1_851' title='bbox 1629 2515 1690 2539; x_wconf 90' lang='lat' dir='ltr'><strong>aliis</strong></span> <span class='ocrx_word' id='word_1_852' title='bbox 1713 2524 1811 2540; x_wconf 84' lang='lat' dir='ltr'><strong>eorum</strong></span> <span class='ocrx_word' id='word_1_853' title='bbox 1831 2517 1979 2542; x_wconf 82' lang='lat' dir='ltr'><strong>occasione</strong></span> 
     </span>
     <span class='ocr_line' id='line_1_110' title="bbox 1050 2557 1980 2592; baseline 0.004 -11"><span class='ocrx_word' id='word_1_854' title='bbox 1050 2557 1235 2582; x_wconf 76' lang='lat' dir='ltr'><strong>conficiendis</strong></span> <span class='ocrx_word' id='word_1_855' title='bbox 1250 2558 1350 2582; x_wconf 83' lang='lat' dir='ltr'><strong>litteris</strong></span> <span class='ocrx_word' id='word_1_856' title='bbox 1366 2561 1482 2590; x_wconf 85' lang='lat' dir='ltr'><strong>propter</strong></span> <span class='ocrx_word' id='word_1_857' title='bbox 1496 2560 1751 2591; x_wconf 74' lang='lat' dir='ltr'><strong>competentiorem</strong></span> <span class='ocrx_word' id='word_1_858' title='bbox 1763 2559 1980 2592; x_wconf 81' lang='lat' dir='ltr'><strong>descriptionem</strong></span> 
     </span>
     <span class='ocr_line' id='line_1_111' title="bbox 1048 2601 1978 2636; baseline 0.004 -10"><span class='ocrx_word' id='word_1_859' title='bbox 1048 2601 1193 2628; x_wconf 81' lang='lat' dir='ltr'><strong>Alamania</strong></span> <span class='ocrx_word' id='word_1_860' title='bbox 1214 2603 1346 2634; x_wconf 82' lang='lat' dir='ltr'><strong>specialis</strong></span> <span class='ocrx_word' id='word_1_861' title='bbox 1366 2603 1534 2634; x_wconf 80' lang='lat' dir='ltr'><strong>appellatur,</strong></span> <span class='ocrx_word' id='word_1_862' title='bbox 1556 2604 1707 2636; x_wconf 72' lang='lat' dir='ltr'><strong>natioipsa</strong></span> <span class='ocrx_word' id='word_1_863' title='bbox 1726 2605 1834 2628; x_wconf 69' lang='lat' dir='ltr'><strong>censeri</strong></span> <span class='ocrx_word' id='word_1_864' title='bbox 1854 2613 1912 2629; x_wconf 89' lang='lat' dir='ltr'><strong>non</strong></span> <span class='ocrx_word' id='word_1_865' title='bbox 1932 2606 1978 2630; x_wconf 84' lang='lat' dir='ltr'><strong>dc-</strong></span> 
     </span>
    </p>
   </div>
  </div>
 </body>
</html>
