2209 2858
182 150 312 184 CXXX
319 151 364 183 vl

627 138 840 196 Anhang.
859 136 1113 180 Friedrich
1130 135 1220 178 1V.
1245 134 1372 193 (ΙΙΙ.)
1401 147 1520 189 1461,
1546 147 1633 192 July
1658 150 1693 183 1.

194 297 264 315 naw.
295 288 356 313 Vnd
376 288 424 312 das
442 296 487 312 nw
503 288 565 313 solh
592 288 819 321 verschreihung
840 295 896 312 von
921 295 974 312 vns
999 287 1027 310 in
1045 287 1121 311 allen

193 333 405 367 obgeschriben
431 333 554 358 artikeln
581 333 637 358 vnd
660 333 809 365 punckten
835 330 1045 356 aufrichticlich
1071 338 1120 363 ge-

190 377 318 403 irewlich
343 376 400 401 vnd
425 384 459 401 an
480 375 534 401 alle
557 377 683 410 geuerde
707 377 815 401 volsiirt
837 375 893 400 vnd
911 375 1032 409 gelialtn
1050 382 1121 399 wer—

190 421 245 446 den
258 442 264 453 ⁷
285 430 316 446 so
332 420 428 445 haben
449 422 500 446 wir
515 421 564 447 des
584 429 619 446 zu
635 430 738 447 warem
758 420 870 446 vrkund
893 427 978 444 vnser
994 418 1121 452 inusigcl

191 473 227 490 an
244 465 299 490 den
316 465 393 490 brief
412 465 527 491 haissen
546 465 683 499 henghen
710 466 764 491 den
791 466 842 490 wir
863 464 913 489 der
937 464 1121 497 oss'tgemeltn

1187 285 1388 319 gesellschafft
1412 285 1506 319 geben
1532 293 1568 310 zu
1588 285 1667 310 Czen
1689 293 1725 311 an
1750 287 1895 313 Vndersee
1917 288 1968 313 auf
1988 287 2112 322 Montag

1186 330 1290 355 ncchst
1310 338 1363 354 vor
1388 338 1490 355 vnsers
1512 329 1617 354 herren
1641 330 1918 367 fronleichnamstag
1933 332 2009 358 nach
2027 331 2114 357 cristi

1186 375 1292 409 geburt
1314 374 1612 400 vicrtzehenlmndcrt
1633 374 1688 398 vnd
1711 374 1740 399 in
1754 375 1819 400 dem
1834 375 2115 411 ainsnndsechtzigi—

1187 422 1259 444 stem
1274 419 1367 450 jaren.

1720 462 1753 488 D.
1773 462 1917 489 Archidnx
1937 466 1964 490 in
1984 465 2113 490 consilio.

195 651 264 678 113.
296 650 338 677 K.
365 650 534 678 Friedrich
558 651 709 685 bestdee'yc
738 651 800 679 den
826 650 993 678 zu-ischen
1017 649 1130 676 semer
1156 647 1351 683 Her-rsclmf't
1373 648 1539 677 Porcennu
1564 650 1635 677 und
1664 649 1803 684 Venediy
1827 650 2115 686 abyesclclossenen

293 701 470 737 Vei-yteiclc.
504 702 610 738 1461,
636 700 715 737 July
743 703 772 731 1.
795 703 888 736 Reqq.
912 704 969 730 No.
994 701 1096 729 3885.

266 777 430 802 Fridericus
461 777 559 801 diuina
589 777 707 802 fauente
744 778 900 802 clemencia
928 777 1122 802 Romanorum

195 823 352 855 imperator
368 829 481 853 semper
499 820 663 855 Augustus,
682 821 846 856 Hungarie‚
866 821 1014 853 Dalmatia,
1036 820 1123 845 0103-

195 869 234 891 tie
251 869 304 890 etc.
324 873 372 890 rex
392 873 422 889 ac
437 864 562 895 Auianio,
578 865 672 897 Stin-ie,
690 865 841 891 Karinthie
859 869 887 890 et
906 865 1037 890 Carniole
1057 865 1121 894 dux,

193 910 323 935 dominns
346 907 473 933 Marchie
490 909 661 934 Sclauonicc
684 913 713 935 et
726 910 948 943 Portusnmmis,
976 917 1070 935 comes
1094 910 1122 934 in

191 954 358 987 Habspurg,
379 952 501 986 Tirolis‚
526 953 652 979 Ferretis
668 958 696 979 et
712 955 741 979 in
756 954 894 988 Kyburg,
919 954 1121 988 marggrauius

193 998 342 1031 Bnrgouie
365 1000 394 1021 et
424 998 643 1031 lanndtgranius
666 999 784 1024 Alsatie,
818 999 1066 1033 Recognoscimus
1094 1001 1122 1023 et

191 1046 291 1067 notum
307 1041 429 1066 facimus
443 1044 543 1067 tenore
559 1044 746 1075 presentium,
760 1044 862 1076 quibus
880 1044 994 1076 expedIt
1007 1043 1121 1068 vniuerff

194 1086 241 1113 sis,
263 1086 334 1110 Cum
351 1087 450 1111 deceat
467 1087 610 1119 principes
627 1088 805 1113 subditorum
820 1089 887 1119 jura
905 1088 988 1121 tueri,
1009 1096 1120 1113 eorum-

192 1139 247 1164 que
269 1131 330 1163 paci
350 1131 434 1155 simul
452 1133 479 1155 et
493 1131 582 1163 quieti
600 1133 751 1157 consulere
763 1152 769 1163 ,
797 1141 828 1157 ac
841 1133 901 1163 jam
920 1133 966 1157 diu
984 1132 1048 1156 lites
1060 1132 1121 1163 jur-

195 1177 241 1209 gia
260 1175 379 1207 dampna
406 1174 513 1206 pariter
537 1178 565 1200 et
589 1176 685 1207 rapine
710 1177 872 1210 viguerint,
899 1178 974 1201 inter
991 1176 1119 1200 subditos

193 1223 308 1245 nostros
344 1217 455 1243 scilicet
479 1220 661 1251 capitaneum
685 1228 826 1246 conrnune
850 1223 878 1246 et
899 1222 1031 1246 homines
1049 1219 1119 1244 Por‘

195 1264 345 1289 tusnaonis
372 1265 400 1287 et
422 1262 609 1288 Curienaonis
633 1272 665 1289 ex
692 1272 748 1289 una
771 1267 798 1290 et
825 1265 933 1290 nobiles
955 1265 988 1289 de
1012 1264 1119 1296 Zopula

190 1308 312 1333 illustris
336 1306 484 1338 Pasqunlis
504 1307 659 1340 Maripetro
684 1310 762 1334 ducis
779 1310 968 1335 Vencciarum
990 1309 1118 1333 sudetos

191 1353 320 1385 partibus
336 1360 368 1376 ex
389 1352 486 1382 altera,
507 1352 657 1377 occasione
673 1354 829 1378 confinium
846 1361 877 1378 ac
892 1354 1118 1385 jurisditionum,

194 1396 269 1428 quod
295 1396 410 1420 tandem
436 1404 524 1428 opera
546 1396 640 1421 fidelis
663 1398 755 1422 nostri
784 1398 878 1423 dilecti
902 1398 981 1422 Petri
1004 1397 1118 1430 Fynntz

191 1440 339 1465 familiaris
364 1441 455 1464 nostri
482 1447 514 1464 ac
541 1441 715 1466 serenissimi
743 1442 880 1474 principis
902 1441 1014 1467 Alfonsi
1042 1442 1118 1474 regis

190 1484 361 1517 Portugalie
377 1486 431 1510 etc.
452 1484 549 1508 fratris
568 1487 596 1509 et
611 1486 713 1510 sororii
731 1487 823 1511 nostri
841 1487 978 1512 carissimi
996 1494 1118 1518 persone

193 1528 318 1553 custodis
337 1530 364 1552 et
390 1536 476 1560 super
501 1528 597 1553 eadem
617 1537 648 1554 re
671 1530 749 1554 missi
775 1531 896 1556 oratoris
920 1531 955 1557 ad
975 1529 1119 1563 prefatum

192 1573 335 1597 illustrem
363 1571 462 1596 ducem
479 1572 669 1606 Venetorum,
697 1583 781 1606 quem
810 1575 900 1600 eciam
922 1583 973 1600 nos
999 1578 1027 1600 et
1043 1582 1119 1600 sere-

192 1617 309 1641 nissima
325 1615 460 1640 Leonora
480 1623 662 1642 romanorum
680 1619 844 1651 imperatrix
859 1627 972 1652 semper
989 1619 1120 1654 Augusta

193 1668 313 1685 consors
330 1661 429 1684 nostra
443 1660 587 1685 carissima
599 1682 605 1693 ‚
633 1663 677 1687 cui
703 1663 808 1688 dictam
825 1667 932 1689 terram
950 1666 977 1689 et
998 1667 1122 1688 castrum

193 1704 403 1730 Portusnaonis
416 1712 481 1728 cum
499 1705 630 1730 omnibns
650 1708 709 1732 suis
725 1708 890 1739 redditibus,
909 1709 993 1739 villis,
1015 1708 1122 1733 iuribus

195 1752 224 1774 et
238 1748 420 1780 pertinentiis
436 1756 487 1780 pro
502 1751 716 1776 assecuratione
735 1753 808 1776 dotis
826 1761 876 1777 sue
896 1756 924 1778 ct
945 1753 1035 1787 ipsius
1054 1761 1123 1786 aug-

192 1795 290 1817 mento
313 1792 550 1824 consignauimus
576 1794 688 1820 ratione
709 1797 849 1821 dictarum
873 1798 966 1822 litium
989 1800 1018 1822 et
1042 1797 1123 1822 diffe-

192 1837 350 1862 rentiarum
368 1836 401 1859 ad
419 1837 539 1862 eundem
564 1839 664 1864 ducem
687 1841 900 1866 transmisimus
925 1850 989 1866 oum
1013 1844 1122 1873 specta-

192 1881 299 1905 bilibus
332 1882 360 1904 et
391 1881 583 1912 prudentibus
617 1882 707 1909 Paulo
740 1884 933 1916 Mauroceno,
966 1886 1123 1911 Laurentio

194 1925 295 1949 Mauro
317 1926 345 1948 et
369 1923 514 1949 Bernardo
540 1926 705 1953 Justiniano
739 1929 915 1961 sapientibus
943 1933 1018 1955 terre
1041 1930 1121 1955 firme

192 1969 281 2001 ipsius
300 1969 378 1992 ducis
399 1976 431 1992 ac
447 1969 480 1993 ad
499 1970 525 1993 id
543 1978 593 2002 per
611 1979 676 1996 eum
697 1972 855 2006 deputatis⁷
876 1982 928 1998 nec
946 1983 1001 1999 non
1021 1975 1122 2008 Symo-

192 2021 228 2038 πε
247 2013 280 2038 de
298 2012 405 2045 Zopoia
430 2013 546 2039 nomine
562 2023 612 2039 suo
636 2023 667 2040 ac
695 2016 801 2041 tutorio
828 2020 855 2042 et
884 2020 1026 2044 curatorio
1050 2020 1122 2044 silio-

193 2066 256 2082 rum
279 2057 423 2089 quondam
450 2057 566 2082 Odorici
596 2060 629 2084 de
651 2062 758 2094 Zopola
786 2063 874 2095 ipsius
896 2063 1032 2096 Symonis
1054 2064 1121 2088 olim

191 2102 303 2133 fratris,
331 2109 362 2125 ac
377 2100 496 2126 Nicolao
513 2103 546 2127 de
565 2104 675 2136 Zopula
692 2107 750 2131 eius
770 2107 873 2139 fratre,
901 2108 1003 2139 quilius
1020 2108 1053 2132 ad
1070 2108 1121 2132 hec

193 2146 287 2169 omnia
311 2147 515 2170 contractanda
539 2151 567 2171 et
591 2151 789 2183 componenda
815 2152 974 2177 antedictus
996 2153 1048 2176 1111(
1063 2153 1123 2185 ple-

193 2189 303 2214 nariam
319 2191 520 2215 auctoritatem
538 2192 707 2219 facultatem
731 2198 759 2219 et
776 2196 942 2221 mandatum
959 2198 1121 2222 nominibus

192 2236 224 2257 nt
243 2241 329 2265 supra
348 2235 377 2258 in
394 2235 525 2260 omnibns
550 2239 578 2261 ct
597 2245 648 2268 per
673 2240 767 2263 omnia
784 2240 912 2272 prestitit
928 2243 955 2265 et
971 2241 1121 2273 concessit,

192 2280 278 2308 prout
297 2285 328 2301 ex
352 2278 442 2302 literis
459 2281 620 2311 patentibus
643 2285 670 2306 et
690 2284 840 2308 autenticis
859 2284 925 2308 dicti
942 2285 1020 2309 ducis
1039 2294 1125 2318 appa*

192 2322 255 2351 ret,
276 2322 400 2352 predicte
419 2323 580 2349 difl'erentic
604 2327 694 2359 sopite
723 2330 751 2352 et
775 2329 807 2353 ad
831 2329 1011 2361 infrascripta
1033 2333 1124 2363 pacta,

196 2365 421 2390 transactionem
438 2368 614 2394 amicabilem
632 2372 870 2404 compositionem
894 2375 923 2398 et
940 2373 1124 2399 concordium

198 2408 319 2432 deducte
336 2411 475 2441 existunt,
499 2413 629 2439 videlicet
649 2416 723 2447 quod
743 2424 840 2442 omnes
863 2418 1014 2442 inimicitie
1034 2421 1062 2443 et
1085 2419 1126 2444 in-

195 2452 266 2477 1111111
297 2453 432 2478 hincinde
458 2456 616 2483 adinuiccm
639 2460 695 2485 sint
718 2462 837 2486 remisse
859 2464 889 2486 vt
911 2462 1047 2495 deinceps
1072 2471 1125 2496 pax

194 2499 222 2521 et
240 2498 343 2522 caritas
360 2498 433 2523 inter
446 2500 520 2531 ipsas
540 2506 634 2533 partes
652 2505 748 2537 vigeat
764 2509 791 2530 et
812 2509 951 2539 perpetuo
976 2508 1125 2539 conquies-
1157 2495 1159 2539 i

195 2544 254 2570 cot,
284 2541 320 2565 ita
343 2543 418 2574 quod
437 2545 516 2569 nulla
534 2548 653 2578 amplios
671 2549 704 2572 de
727 2550 766 2573 eis
785 2549 924 2576 habeatur
940 2552 1021 2577 ratio.
1053 2552 1126 2578 Item

198 2585 270 2616 quod
294 2594 394 2611 omnes
416 2589 557 2613 sententie
582 2592 733 2616 arbitraria
757 2596 785 2617 ct
803 2596 1026 2627 compositiones
1045 2596 1126 2628 quin-

1192 778 1251 800 tum
1273 776 1386 801 easdem
1409 778 1583 800 concernant
1611 776 1701 809 facte,
1734 776 1843 801 nullius
1873 777 1931 802 sint
1954 777 2060 803 valoris
2091 780 2120 804 et

1192 821 1329 846 momenti
1352 819 1407 845 nisi
1430 821 1564 852 quatinus
1584 820 1719 846 caderent
1740 821 1773 846 ad
1788 821 2014 847 declarationem
2030 821 2120 847 inira-

1192 866 1365 898 scriptorum
1380 868 1537 897 pactorum.
1562 864 1634 889 Item
1656 865 1730 897 quod
1750 865 1894 897 jurisditio
1911 869 1940 892 ct
1963 865 2056 891 omnis
2077 866 2119 892 sa-

1189 910 1280 934 cultas
1307 909 1543 943 comniugnaudi,
1564 909 1692 941 secandi,
1714 909 1851 934 buscandi
1867 910 2037 942 pasculandi
2061 911 2121 944 pis-

1190 954 1271 979 candi
1287 956 1315 979 et
1337 954 1601 986 quomodocumque
1622 953 1841 978 usufructuandi
1859 954 1887 978 in
1905 955 2050 980 territorio
2065 955 2120 980 exi-

1191 1002 1286 1025 stente
1309 999 1384 1023 inter
1403 998 1641 1029 Portuinnaonis,
1678 997 1896 1034 Curiamnaonis
1922 1001 1951 1024 et
1976 999 2117 1031 Zopulam

1191 1047 1220 1069 et
1234 1051 1333 1068 eorum
1350 1043 1512 1068 districtum
1527 1042 1687 1075 diuidatur,
1713 1045 1924 1076 cognoscatur,
1944 1042 2116 1069 terminetur

1190 1090 1219 1112 et
1243 1088 1386 1113 confinata
1404 1088 1441 1112 sit
1453 1090 1510 1112 tam
1530 1088 1557 1111 in
1580 1087 1659 1119 aquis
1689 1094 1772 1119 quam
1796 1087 1824 1111 in
1842 1088 1933 1119 pratis
1957 1087 2070 1120 pascuis
2087 1089 2117 1113 et

1190 1133 1269 1158 siluis
1284 1135 1314 1157 vt
1332 1133 1404 1157 infra
1422 1132 1563 1157 videlicet.
1591 1132 1676 1163 Quod
1693 1139 1775 1156 omne
1791 1132 1968 1157 territorium
1988 1133 2113 1157 existens

1190 1185 1205 1202 a
1230 1177 1359 1201 terminis
1381 1177 1449 1201 alias
1471 1176 1572 1208 positis
1593 1176 1621 1200 in
1643 1176 1736 1208 capite
1754 1176 1882 1208 paludis,
1909 1185 1962 1209 qne
1979 1179 2023 1202 est
2039 1178 2116 1202 inter

1190 1223 1316 1247 castrum
1332 1221 1437 1246 Cusani
1454 1223 1482 1245 et
1499 1220 1650 1244 Medunaiu
1668 1229 1700 1246 ac
1717 1221 1856 1252 Zopulam
1872 1222 1901 1245 et
1914 1220 2036 1246 Pontem
2052 1220 2113 1246 Me-

1190 1267 1265 1292 dune
1289 1274 1345 1298 quo
1368 1266 1425 1289 itur
1439 1264 1676 1296 Portumnaonis,
1707 1264 1843 1289 videlicet
1863 1272 1878 1290 a
1900 1265 1991 1297 capite
2007 1265 2118 1297 paludis

1189 1319 1290 1336 versus
1308 1310 1446 1342 Zopulam
1464 1310 1491 1333 in
1508 1309 1570 1333 loco
1587 1308 1702 1341 proprio
1720 1309 1788 1334 alias
1804 1309 1954 1343 designato
1969 1317 2020 1341 per
2034 1317 2116 1342 spec-

1190 1355 1306 1380 tabilem
1333 1357 1360 1379 et
1382 1354 1528 1387 egregium
1550 1353 1696 1378 doctorem
1721 1356 1749 1379 et
1769 1354 1889 1379 militem
1900 1353 2063 1379 eom-ndum
2080 1353 2114 1379 de

1189 1399 1287 1424 Monte
1301 1398 1410 1432 regali,
1437 1402 1465 1423 et
1486 1398 1557 1422 alios
1574 1398 1666 1423 socios
1689 1407 1756 1424 suos
1778 1398 1899 1424 arbitros
1921 1399 1997 1424 inter
2014 1397 2114 1423 Medu-

1189 1451 1256 1468 nam
1281 1445 1309 1467 et
1329 1445 1453 1467 castrum
1471 1442 1591 1475 Casani,
1618 1443 1779 1474 incipiendo
1801 1451 1815 1468 a
1842 1443 1918 1469 lecto
1935 1442 2061 1468 Medune
2086 1444 2115 1467 et

1191 1488 1283 1514 cundo
1298 1490 1375 1512 recta
1391 1487 1464 1512 linea
1485 1487 1518 1511 ad
1536 1490 1564 1512 et
1580 1495 1632 1519 per
1659 1487 1765 1512 dictum
1781 1489 1867 1519 caput
1888 1488 1999 1521 paludis
2018 1495 2119 1513 versus

1190 1536 1314 1558 castrum
1326 1531 1442 1563 Cusanz,
1461 1539 1512 1563 per
1527 1530 1610 1565 signa
1628 1531 1732 1556 ibidem
1746 1531 1937 1564 postmodum
1951 1531 2121 1565 apponenda

1190 1578 1226 1602 sit
1248 1580 1276 1602 et
1296 1584 1358 1601 esse
1377 1576 1479 1601 debeat
1496 1583 1584 1608 usque
1604 1576 1638 1600 ad
1652 1578 1769 1609 pontem
1785 1576 1980 1609 supradictum
1996 1580 2025 1601 et
2042 1576 2119 1601 infra

1189 1622 1277 1647 libere
1299 1623 1439 1654 perpetuo
1466 1623 1494 1646 et
1519 1621 1649 1653 expedite
1671 1620 1864 1646 illustrissime
1886 1621 1986 1645 domus
2001 1619 2118 1645 Austrie

1189 1675 1240 1692 seu
1255 1667 1452 1698 capitaneatus
1468 1665 1679 1690 Portusnaonis
1697 1673 1760 1690 cum
1778 1666 1854 1690 omni
1870 1663 1994 1690 dominio
2009 1663 2120 1689 honore

1190 1712 1362 1736 comoditate
1379 1713 1406 1735 et
1418 1709 1602 1740 jurisditione
1618 1710 1695 1734 ciuili
1714 1712 1741 1734 et
1759 1709 1914 1742 criminali⁷
1933 1709 1973 1734 ita
1989 1708 2065 1741 quod
2078 1707 2120 1733 illi

1189 1756 1222 1781 de
1241 1755 1350 1788 Zopula
1367 1763 1460 1787 neque
1483 1755 1570 1787 aliqui
1596 1755 1643 1779 alii
1667 1763 1696 1779 se
1720 1755 1758 1779 ibi
1786 1754 1815 1779 in
1836 1752 2023 1785 jusdicendo,
2044 1761 2120 1778 com-

1190 1800 1364 1834 mugnaudo,
1385 1799 1518 1829 secando,
1534 1802 1583 1824 aut
1596 1800 1721 1831 aliquem
1739 1799 1826 1824 aliurn
1843 1800 1939 1823 actum
1957 1798 2017 1823 siue
2034 1805 2119 1822 usum

1189 1844 1347 1870 exercendo
1374 1843 1567 1869 intromittere
1595 1843 1716 1868 debeant
1736 1851 1828 1875 neque
1851 1843 1983 1874 valeant,
2009 1845 2118 1874 preter-

1189 1897 1274 1923 quam
1297 1890 1325 1913 in
1345 1889 1434 1920 pratis
1459 1888 1596 1921 propriis,
1624 1888 1727 1921 quibus
1754 1889 1795 1912 uti
1820 1887 1876 1912 frui
1900 1887 2038 1918 debeant,
2063 1894 2117 1912 nec

1189 1943 1247 1959 non
1270 1934 1298 1957 in
1320 1933 1383 1957 aliis
1408 1932 1476 1957 locis
1504 1933 1678 1965 pascnlando
1706 1934 1738 1957 nt
1767 1932 1887 1957 inferius
1916 1931 2116 1957 declarabitur.

1188 1978 1259 2003 Item
1277 1977 1351 2010 qnod
1376 1976 1450 2001 dicta
1465 1977 1612 2008 jurisditio
1637 1979 1666 2001 et
1686 1977 1844 2001 dominium
1865 1976 1930 2001 dicti
1956 1976 2119 2008 capitanea-

1187 2025 1233 2048 tus
1259 2021 1468 2047 Portusnaonis
1495 2021 1662 2046 continuare
1686 2021 1789 2047 debeat
1811 2021 1844 2046 ab
1864 2020 1919 2045 alio
1938 2020 2029 2045 latere
2044 2019 2118 2045 dicte

1187 2067 1310 2091 Medunc
1336 2064 1497 2098 incipiendo
1522 2074 1536 2091 a
1562 2066 1626 2090 loco
1649 2065 1696 2090 ubi
1719 2066 1884 2090 Bassaldela
1908 2065 1996 2089 intrat
2019 2063 2120 2089 Medu-

1187 2120 1252 2136 nam
1277 2116 1304 2136 et
1333 2111 1366 2135 ab
1390 2110 1454 2135 inde
1479 2118 1564 2143 supra
1583 2111 1675 2135 eundo
1697 2118 1749 2142 per
1763 2109 1957 2134 Bassuldelam
1974 2116 2064 2141 usque
2084 2108 2119 2133 ad

1188 2156 1327 2189 originem
1348 2156 1407 2179 eins
1432 2155 1622 2188 intelligendo
1644 2162 1696 2187 per
1721 2152 1868 2178 dimidium
1898 2153 1963 2178 dicti
1991 2153 2118 2178 fluminis

1188 2200 1351 2225 Bassaldele
1369 2202 1397 2224 et
1420 2207 1434 2224 a
1460 2199 1534 2224 dicta
1552 2198 1664 2233 origine
1688 2198 1848 2223 recedendo
1865 2200 1893 2222 et
1911 2197 2003 2223 eundo
2024 2204 2117 2230 usque

1189 2244 1222 2269 ad
1237 2243 1352 2268 Glaram
1374 2243 1479 2272 Ciline,
1508 2251 1574 2268 casu
1604 2252 1659 2276 quo
1678 2243 1764 2267 Glara
1784 2242 1875 2266 Ciline
1900 2250 1960 2267 non
1977 2241 2065 2266 distet
2083 2241 2116 2266 ab

1192 2289 1303 2321 origine
1328 2287 1506 2321 Bassaidele,
1534 2289 1610 2313 ultra
1629 2288 1754 2320 spacium
1784 2287 1882 2311 decem
1906 2293 2044 2318 passuum
2071 2284 2118 2310 uel

1191 2334 1280 2362 eirca,
1308 2333 1355 2357 nbi
1381 2340 1450 2358 uero
1473 2336 1551 2358 ortus
1568 2332 1734 2357 Bassaldele
1752 2329 1873 2355 distaret
1886 2330 2022 2363 vlterius,
2051 2330 2118 2353 tunc

1191 2385 1282 2410 usque
1307 2377 1339 2400 ad
1361 2377 1460 2401 decem
1479 2385 1580 2409 passus
1597 2384 1648 2408 per
1670 2377 1773 2401 lineam
1792 2375 1929 2400 directam
1946 2374 1996 2399 fiat
2014 2373 2118 2398 transi-

1192 2425 1237 2447 tus
1257 2429 1354 2446 versus
1368 2421 1488 2446 s'ilinain
1515 2423 1543 2445 et
1560 2420 1660 2445 deinde
1675 2428 1725 2453 per
1742 2420 1845 2444 lineam
1866 2419 2005 2444 directam
2022 2420 2120 2442 exten-

1194 2465 1297 2490 dantur
1317 2465 1421 2490 limites
1443 2472 1533 2497 usque
1552 2465 1584 2489 ad
1611 2466 1729 2489 stratam
1744 2464 1900 2497 Rugusseti
1923 2466 1951 2488 et
1965 2470 2017 2495 per
2031 2462 2121 2494 ipsam

1193 2512 1312 2542 stratam
1335 2510 1515 2542 procedendo
1539 2508 1697 2533 secundum
1730 2508 1866 2533 terminos
1889 2506 2051 2541 affigendus
2075 2512 2122 2530 us-

1192 2561 1246 2585 que
1262 2554 1295 2578 ad
1313 2553 1483 2585 Medunam,
1510 2553 1548 2577 ita
1565 2553 1637 2585 quod
1660 2553 1730 2577 citra
1754 2552 1844 2577 dictos
1870 2551 1997 2576 confines
2021 2556 2119 2575 versus

1158 2627 1160 2633 Ι
1192 2597 1311 2622 Portum
1330 2602 1357 2623 et
1367 2598 1479 2623 Curiam
1492 2597 1599 2622 Naonis
1616 2600 1728 2621 montes
1748 2599 1776 2622 et
1790 2595 1931 2621 vinarium
1946 2598 1978 2620 ut
1990 2593 2120 2626 superius

193 2628 340 2659 quienalcs
368 2633 396 2655 et
418 2633 542 2663 quelibet
569 2634 622 2659 alie
647 2637 720 2660 inter
736 2637 826 2662 dirius
846 2642 942 2671 partes
961 2643 987 2665 et
1005 2641 1126 2673 inquam>
1159 2637 1161 2660 i
1193 2641 1355 2667 declaratur
1372 2641 1598 2675 exwptos‘astru
1609 2641 1711 2666 Turris
1729 2649 1793 2665 cum
1812 2641 1869 2666 suis
1882 2640 1995 2672 juribus
2013 2640 2040 2663 et
2056 2644 2121 2670 per-
