2235 2859
480 119 690 177 Anhang.
723 118 886 176 Konig
915 118 1166 162 Friedrich
1198 120 1285 163 IV.
1321 133 1436 175 1443,
1458 133 1558 167 Mai-z
1587 134 1650 168 20.
1954 140 1998 172 Li

84 210 1992 232 mm

81 280 133 306 pro
154 279 209 296 uno
229 277 310 295 sacco
331 270 395 295 lane
415 278 472 295 non
494 270 650 295 cordellato
679 270 783 294 solidos
811 269 934 302 quinque
953 277 1004 302 pro

81 315 237 341 cordellato
259 315 364 339 decem.
397 313 469 339 Item
489 322 540 347 pro
562 322 618 339 uno
639 321 720 338 sacco
740 313 824 347 guadi
845 313 878 338 ad
894 313 1003 338 -facien-

81 359 147 384 dum
155 359 292 384 tui-ituras
302 358 431 384 denarios
445 361 517 385 octo.
538 358 609 383 Item
620 365 670 389 pro
682 358 759 382 corio
770 357 849 382 bovis
858 357 1005 382 denarium

80 411 176 429 unum.
196 402 269 427 Item
286 411 338 435 pro
357 403 428 427 boue
444 402 589 427 denarium
605 409 702 427 unum.
722 401 794 426 Item
816 409 866 434 pro
887 409 938 425 ove
956 401 1003 425 de-

79 447 189 473 narium
205 455 302 472 unum.
323 446 396 472 Item
419 446 548 471 similiter
567 454 619 479 pro
643 446 767 470 mirtone
793 448 820 470 et
843 453 894 477 pro
912 445 1003 469 vitulo

75 492 246 525 hybernato.
266 490 337 515 Item
351 498 402 523 pro
419 498 475 514 uno
486 498 558 522 equo
575 489 704 514 denarios
718 491 850 521 quatuor.
871 488 942 514 Item
953 497 1003 521 pro

77 536 204 570 qualibet
221 535 293 560 falce
312 535 344 559 ad
365 534 516 560 secandum
535 534 637 558 herbas
650 534 796 558 denarium
813 542 909 559 unum.
931 533 1003 558 ltem

77 588 130 612 pro
156 580 285 611 quolibet
307 578 421 604 animali
442 578 569 603 denarios
594 580 717 609 quatuor
739 576 793 601 nisi
820 586 933 602 crorum
958 578 1004 602 vel

79 627 206 649 aromata
220 626 269 648 aut
282 631 327 648 res
344 623 412 648 alias
432 622 576 655 preciosas
591 624 726 654 portaret.
755 622 827 646 Item
843 630 894 654 pro
912 622 1002 654 quoli-

79 668 127 693 bet
141 675 208 693 vase
232 668 290 692 vini
314 675 365 700 per
386 674 486 698 aquam
510 666 583 690 circa
607 666 679 690 dicta
698 667 758 690 loca
775 668 940 691 transeunte
954 674 1003 698 po-

79 714 123 737 tos
139 712 197 736 vini
214 714 343 744 quatuor.
362 710 433 735 Item
448 718 498 742 pro
513 710 607 734 modio
625 710 684 734 vini
700 713 866 735 transeunte
879 718 930 743 per
947 714 1003 735 ter-

78 763 140 781 ram
154 756 284 781 denarios
310 757 368 779 tres
392 762 462 786 quas
483 754 594 778 solvere
620 757 786 779 tenerentur
810 754 856 786 qui
874 753 1003 778 revendi-

80 800 138 826 turi
152 799 311 825 huiusmodi
327 799 423 823 vinum
438 801 574 824 emerent.
595 797 667 823 Item
686 806 736 830 pro
753 798 828 823 dolio
844 798 929 830 pleno
940 799 1003 830 pin-

81 845 205 880 guedine
229 846 350 876 quatuor
369 850 495 876 grossos.
522 841 594 867 Item
620 850 671 875 pro
689 842 805 867 homine
829 842 940 867 ferente
958 850 1003 867 su-

77 897 128 922 pra
149 896 178 913 se
194 887 344 913 fai-denum
361 887 495 911 denarios
513 889 580 911 tres.
601 886 673 911 Item
694 895 744 919 pro
767 890 889 919 quatuor
904 887 1003 920 cophi-

78 933 123 958 nis
138 932 204 957 salis
219 931 347 956 denarios
364 931 443 955 duos.
459 930 528 954 Item
544 938 595 962 pro
613 931 729 956 homine
743 934 877 964 portante
894 931 1001 956 lebetes

81 984 111 1002 ac
122 983 217 1009 peram
233 984 296 1000 cum
312 975 509 1000 instrumentis
525 975 558 999 ad
574 982 652 999 suam
670 978 759 1000 artem
773 975 941 1000 necessariis
957 975 1002 999 de-

78 1018 174 1046 narios
184 1023 250 1046 tres.
271 1019 342 1044 Item
357 1027 408 1051 pro
425 1021 538 1044 centum
548 1019 627 1043 libris
644 1019 714 1051 picis
726 1020 858 1044 denarios
869 1023 1001 1052 quatuor.

77 1065 148 1090 Item
163 1064 300 1090 frumenti
318 1066 346 1088 et
356 1064 476 1088 aliorum
485 1064 633 1089 bladorum
644 1063 773 1088 denarios
785 1067 915 1096 quatuor.
930 1064 1001 1089 Item

72 1118 123 1143 pro
152 1109 218 1133 ulna
245 1108 330 1141 panni
360 1106 456 1141 gallici
492 1108 586 1142 grossi
618 1108 663 1132 vel
686 1108 779 1141 sargie
804 1116 892 1133 unum
916 1109 1001 1133 dena-

73 1154 153 1179 rium.
182 1153 251 1178 Item
273 1160 325 1185 pro
347 1152 512 1176 centenario
533 1152 669 1177 librarum
684 1152 835 1177 cuiuslibet
852 1153 1002 1188 pinguedi-

72 1199 118 1223 nis
141 1197 272 1222 denarios
299 1198 418 1229 quatuor
448 1198 561 1220 monete
590 1196 672 1221 usilis
704 1196 829 1228 partibus
860 1197 1000 1221 currentis

77 1241 187 1266 solvere
213 1249 245 1265 ac
274 1241 385 1265 tradere
415 1241 445 1264 iu
470 1240 532 1264 loco
565 1240 597 1264 de
624 1243 722 1264 sancto
744 1239 846 1264 Albino
873 1241 1001 1273 predicte

76 1285 268 1311 Lausanensis
293 1284 431 1309 dioecesis
455 1284 626 1308 officialibus
655 1284 689 1308 ad
713 1283 767 1308 hoc
791 1284 932 1316 deputatis
953 1286 1001 1310 de-

73 1330 190 1360 berent,
217 1331 303 1361 tuque
325 1327 408 1353 nobis
437 1328 533 1353 exinde
562 1327 711 1352 humiliter
734 1329 939 1360 supplicaveris
969 1332 1001 1354 ut

73 1373 236 1398 huiusmodi
258 1371 413 1406 pedagium
438 1372 497 1397 sive
521 1372 663 1405 gabellam
688 1371 860 1397 auctoritate
872 1373 1001 1398 Romana

73 1418 154 1452 regia
177 1416 228 1442 tibi
259 1419 288 1442 et
309 1417 366 1441 tuis
397 1416 612 1441 successoribus
644 1416 801 1448 approbare
831 1418 1000 1442 confirmare

67 1462 104 1487 de
142 1462 322 1495 benignitate
352 1463 451 1486 nostra
488 1460 681 1494 dignaremur.
722 1459 781 1486 Nos
814 1462 998 1486 attendentes

77 1506 150 1538 quod
172 1505 277 1538 prefati
301 1506 497 1529 antecessores
521 1504 560 1529 tui
580 1512 695 1537 semper
711 1505 871 1539 obsequiosi
888 1508 916 1530 et
931 1505 998 1530 fide-

70 1550 113 1575 les
139 1549 244 1574 nostris
267 1548 496 1574 antecessoribus
519 1548 635 1573 fuerunt
665 1549 795 1580 quodque
825 1551 854 1573 tu
879 1552 998 1584 propter

69 1594 232 1627 singulares
256 1593 377 1618 virtutes
402 1592 504 1624 quibus
526 1595 552 1617 te
576 1592 718 1625 preditum
740 1593 802 1617 fore
818 1594 996 1626 percepimus

70 1638 151 1662 nobis
170 1639 198 1662 et
219 1637 294 1662 dicto
310 1636 426 1669 imperio
442 1637 549 1669 poteris
573 1644 635 1661 esse
650 1637 851 1669 multipliciter
868 1638 997 1662 fructum

70 1689 118 1706 sus
144 1689 176 1706 ac
199 1683 351 1713 propterea
374 1681 430 1705 tuis
456 1681 582 1705 comodis
609 1683 636 1705 et
660 1681 831 1705 utilitatibus
854 1683 996 1713 oportune

71 1725 220 1758 providere
230 1725 378 1757 cupientes
389 1725 606 1757 huiusmodique
619 1725 857 1757 suplicationibus
869 1733 996 1750 annuen-

69 1772 113 1794 tes
129 1768 284 1803 pedagium
301 1769 360 1794 sive
377 1770 519 1803 gabellam
540 1769 704 1794 huiusmodi
727 1769 800 1793 sicut
821 1770 996 1802 premittitur

70 1813 170 1837 habita
191 1821 276 1845 super
298 1813 353 1838 hoc
377 1821 441 1838 cum
460 1813 620 1838 illustribus
644 1813 819 1845 principibus
842 1814 994 1838 comitibus

70 1856 223 1881 baronibus
245 1857 423 1891 aliorumque
439 1857 530 1882 nostri
554 1860 582 1882 et
599 1857 671 1881 sacri
687 1858 796 1889 imperii
810 1857 940 1882 fidelibus
955 1858 994 1883 di-

69 1900 149 1925 lectis
168 1902 279 1925 matura
294 1901 496 1926 deliberatione
519 1903 547 1926 et
569 1902 601 1926 de
624 1901 750 1934 ipsorum
768 1902 886 1926 consilio
906 1906 934 1926 et
948 1910 993 1927 as-

68 1953 152 1970 sensu
176 1953 207 1969 ac
229 1953 261 1969 ex
283 1948 361 1969 certa
382 1948 479 1970 nostra
498 1946 615 1970 scientia
631 1948 659 1971 et
675 1946 846 1971 auctoritate
864 1946 993 1971 Romana

64 1989 193 2023 predicta
212 1989 261 2014 tibi
282 1991 311 2015 et
332 1990 545 2015 successoribus
568 1990 624 2015 tuis
644 1990 792 2024 legittimis
812 1994 911 2015 tenore
929 1998 992 2023 pre-

1073 270 1197 295 sentium
1213 271 1402 303 approbamus
1420 274 1448 297 et
1464 272 1668 299 confirmamus
1691 282 1723 299 ac
1740 278 1882 308 presentis
1903 279 1999 312 scripti

1072 315 1227 345 patrocinio
1242 317 1465 347 communimus,
1487 316 1672 343 decernentes
1686 321 1760 351 quod
1776 322 1798 345 si
1816 322 1877 353 quis
1895 323 1999 347 directe

1071 358 1117 382 vel
1134 358 1273 383 indirecte
1291 359 1391 384 iecerit
1413 361 1542 392 quamvis
1563 363 1713 396 pedagium
1737 365 1795 389 sive
1817 366 1928 399 gabella
1946 367 1999 392 hu-

1071 402 1190 427 iusmodi
1216 403 1300 427 modo
1318 404 1458 435 premisso
1481 405 1531 430 tibi
1548 406 1593 430 vel
1613 407 1695 432 dictis
1716 411 1928 436 successoribus
1944 413 2000 436 sol

1071 449 1153 471 vatur
1170 447 1197 471 in
1214 455 1302 479 penas
1322 448 1528 482 quinquaginta
1539 458 1697 476 marcarum
1714 454 1772 477 auri
1790 462 1842 486 pro
1858 463 1913 479 una
1930 456 1998 479 tiss-o

1070 493 1170 515 nostro
1187 492 1277 525 regali
1296 495 1323 516 et
1335 500 1385 524 pro
1407 494 1460 518 alia
1475 495 1675 519 medietatibus
1694 496 1742 520 tibi
1763 500 1790 521 et
1813 498 1917 523 eisdem
1937 508 1998 524 suc-

1070 535 1231 560 cessoribus
1247 536 1480 569 applicandarum
1496 539 1557 571 ipso
1580 540 1654 564 sacto
1674 540 1798 565 incurrat
1824 545 1852 566 et
1870 543 1938 567 alias
1956 544 1998 568 ni-

1070 578 1239 604 chilominus
1264 581 1298 605 ad
1326 589 1379 605 nos
1402 585 1493 606 acrius
1519 583 1678 615 puniendus
1705 585 1866 610 remittatur
1889 588 1997 612 tociens

1069 623 1204 653 quociens
1227 624 1254 649 id
1281 625 1508 657 attemptaverit,
1527 635 1584 650 non
1607 627 1787 652 obstantibus
1815 631 1996 661 quibuscum>

1068 674 1122 698 que
1142 668 1394 694 constitutionibus
1412 670 1524 703 legibus
1550 674 1599 695 aut
1617 673 1874 697 consuetudinibus
1895 676 1997 706 patria-

1067 719 1131 735 rum
1154 720 1397 746 quarumeumque
1428 715 1456 739 in
1480 716 1656 740 contrarium
1682 716 1867 745 facientibus,
1895 720 1995 749 quibu<

1069 756 1161 787 quoad
1182 757 1321 788 premissa
1345 766 1478 790 expresse
1508 759 1680 793 derogamus
1703 760 1778 792 ipsas
1803 762 1872 786 alias
1897 762 1923 786 in
1945 771 1996 787 suo

1068 800 1171 825 robore
1196 802 1393 833 permansuris
1418 805 1446 827 et
1468 803 1585 836 insuper
1606 805 1853 829 commoditatibus
1872 806 1927 830 tuis
1947 815 1997 839 per

1068 844 1189 876 amplius
1204 846 1354 870 consulere
1370 848 1499 872 volentes
1515 847 1626 879 tuisque
1642 849 1900 881 supplicationibus
1917 850 1995 874 ineli*

1067 888 1126 913 nati
1142 896 1175 913 ex
1189 890 1306 913 consilio
1324 898 1442 916 assensu
1459 894 1487 915 et
1502 892 1671 916 auctoritate
1688 892 1807 924 prefatis
1826 892 1874 917 tibi
1888 897 1918 918 ut
1930 902 1995 926 qua*

1068 932 1137 956 libet
1154 933 1311 964 septimana
1326 935 1413 958 totius
1433 935 1498 959 anni
1522 943 1577 960 una
1603 937 1645 960 die
1663 937 1795 961 videlicet
1820 938 1885 962 lune
1903 938 1994 963 sorum

1067 984 1218 1001 commune
1240 976 1270 1001 in
1291 977 1358 1002 villa
1383 986 1433 1003 seu
1455 979 1516 1003 loco
1532 980 1565 1003 de
1585 983 1683 1004 sancto
1699 980 1801 1004 Albino
1819 982 1927 1013 prelato
1944 991 1995 1015 pro

1068 1020 1225 1045 vendendis
1241 1023 1268 1045 et
1285 1022 1410 1046 emendis
1420 1024 1615 1048 mercimoniis
1626 1024 1820 1058 quarumlibet
1833 1033 1925 1050 rerum
1938 1028 1995 1051 ani-

1068 1067 1208 1088 matarum
1225 1067 1253 1089 et
1266 1065 1486 1091 inanimatarum
1501 1076 1552 1092 nec
1570 1076 1628 1092 non
1642 1068 1744 1092 ibidem
1760 1068 1803 1093 die
1819 1069 1907 1101 prima
1918 1079 1995 1095 men*

1069 1109 1107 1132 sis
1124 1107 1216 1132 Mai-tii
1234 1116 1265 1133 ae
1281 1109 1309 1133 in
1327 1109 1387 1134 loco
1404 1110 1463 1136 sive
1480 1112 1545 1136 villa
1557 1112 1589 1136 de
1598 1111 1776 1136 Transverso
1793 1114 1950 1144 supradicta
1967 1116 1994 1139 in

1068 1153 1110 1176 die
1126 1152 1289 1176 festivitatis
1306 1155 1394 1178 sancti
1411 1154 1511 1180 Cosme
1529 1157 1615 1180 semel
1638 1156 1785 1180 dumtaxat
1804 1159 1949 1182 annuatim
1967 1163 1995 1182 et

1069 1196 1096 1219 in
1114 1197 1239 1228 predicto
1257 1197 1319 1221 loco
1344 1198 1377 1222 de
1394 1203 1493 1224 sancto
1507 1199 1617 1224 Albano
1639 1200 1667 1224 in
1683 1201 1727 1224 die
1746 1202 1838 1225 sancti
1854 1202 1948 1226 Albini
1968 1203 1996 1227 in

1068 1240 1197 1272 quolibet
1210 1240 1337 1265 Iocorum
1349 1241 1509 1268 huiusmodi
1523 1244 1699 1269 vniversales
1716 1245 1855 1269 nundinas
1867 1254 1916 1278 pro
1928 1254 1996 1271 ven-

1068 1283 1165 1308 dendis
1182 1284 1308 1308 emendis
1331 1287 1360 1309 et
1384 1289 1578 1317 permutandis
1601 1289 1685 1312 rebus
1703 1289 1878 1320 quibuslibet
1893 1290 1925 1314 ad
1942 1291 1994 1314 hu-

1066 1335 1183 1352 manum
1204 1336 1288 1352 usum
1306 1331 1473 1354 necessariis
1496 1330 1570 1356 inter
1585 1340 1768 1364 quascunque
1786 1341 1925 1365 personas
1942 1343 1992 1359 vn*

1066 1371 1216 1403 decunque
1232 1373 1382 1398 venientes
1406 1382 1469 1399 cum
1487 1375 1645 1409 privilegiis
1671 1379 1699 1401 et
1716 1377 1895 1402 libertatibus
1918 1379 1995 1403 iuxta

1064 1423 1173 1440 morem
1187 1415 1279 1448 patrie
1295 1417 1323 1441 in
1334 1418 1438 1443 talibus
1454 1419 1568 1443 solitum
1586 1419 1688 1444 suturis
1699 1421 1844 1453 perpetuis
1859 1423 1994 1454 tempori-

1064 1461 1118 1486 bus
1142 1460 1328 1486 celebrandas
1348 1469 1378 1486 ac
1400 1463 1599 1487 celebrandum
1623 1464 1772 1488 ordinandi
1796 1468 1824 1489 et
1841 1468 1993 1496 statuendi,

1064 1513 1123 1530 non
1138 1506 1271 1530 obstante
1290 1506 1364 1538 quod
1379 1506 1544 1531 huiusmodi
1561 1507 1622 1531 loca
1638 1508 1672 1532 de
1688 1508 1773 1533 feudo
1790 1509 1882 1535 fidelis
1898 1511 1993 1536 dilecti

1063 1549 1154 1574 nostri
1174 1549 1279 1574 nobilis
1295 1550 1436 1574 Johannis
1453 1550 1586 1585 Fribnrgi
1607 1554 1634 1576 et
1651 1551 1813 1578 Novicastri
1835 1555 1945 1579 comitis
1963 1556 1993 1580 in

1062 1594 1193 1626 partibus
1216 1594 1384 1627 Burgundie
1406 1594 1562 1619 Marestalli
1586 1599 1741 1621 noscantur
1765 1598 1885 1622 existere
1904 1599 1992 1624 licen-

1063 1637 1131 1661 tiam
1156 1639 1322 1663 facultatem
1348 1640 1376 1662 et
1398 1641 1572 1670 potestatem
1595 1641 1785 1665 omnimodam
1809 1644 1909 1668 tenore
1927 1652 1991 1676 pre*

1063 1682 1186 1706 sentium
1208 1682 1373 1716 elargimur.
1394 1682 1472 1707 Nulli
1497 1691 1565 1716 ergo
1592 1685 1708 1709 omnino
1733 1685 1881 1711 hominum
1907 1688 1991 1713 liceat

1062 1725 1136 1750 hanc
1158 1728 1257 1750 nostre
1278 1726 1493 1758 approbationis
1511 1727 1737 1753 confirmationis
1759 1731 1990 1756 communitionis

1062 1769 1168 1794 decreti
1189 1770 1348 1795 voluntatis
1368 1773 1396 1795 et
1416 1771 1591 1805 elargitionis
1610 1773 1747 1807 paginam
1763 1774 1923 1808 iufringere
1941 1778 1991 1801 aut

1061 1814 1085 1838 ei
1114 1822 1186 1838 ausu
1211 1814 1312 1845 quovis
1341 1815 1494 1839 temerario
1523 1816 1663 1841 contraire
1689 1817 1711 1841 si
1734 1818 1796 1849 quis
1817 1822 1913 1844 autem
1932 1820 1986 1845 hoc

1061 1860 1227 1890 attemptare
1254 1858 1464 1891 presumpserit
1489 1860 1679 1892 supradictam
1697 1869 1800 1894 penam
1820 1864 1988 1896 persolven-

1060 1901 1123 1926 dam
1144 1904 1197 1926 etc.

1148 1945 1254 1972 Datum
1276 1946 1443 1971 constantie
1469 1948 1512 1973 die
1538 1949 1697 1981 penultima
1723 1949 1891 1975 Novembris
1913 1959 1986 1976 anno

1059 1991 1113 2016 ete.
1136 1991 1194 2022 xiij.

65 2164 116 2194 33.
144 2164 594 2199 Unyic'ltiqkeits-Erklc'iruny
617 2164 673 2191 der
700 2164 888 2200 Vorladuny
910 2164 968 2191 der
989 2163 1090 2192 Stadt
1108 2163 1291 2200 Frankfurt
1307 2173 1336 2194 .
1347 2165 1390 2194 .
1414 2166 1516 2194 durch
1538 2167 1600 2194 den
1622 2167 1826 2203 Freyqrafen
1839 2170 1991 2204 Manyold

145 2217 256 2253 1443,
278 2217 374 2245 Mirr-1.
399 2217 455 2244 20.
478 2218 572 2252 Reqy.
596 2218 654 2246 .
678 2218 778 2247 1394.

132 2290 195 2316 Wir
221 2290 370 2316 Friedrich
398 2294 451 2318 etc.
478 2292 620 2316 embieten
649 2292 705 2316 den
735 2293 903 2326 erwirdigen
931 2293 988 2317 vnd

68 2335 291 2369 hocbgcbornen
319 2336 397 2360 allen
424 2344 531 2360 vnsern
558 2337 612 2360 vnd
643 2336 691 2361 des
716 2337 792 2361 riehs
821 2338 989 2362 kursursten

65 2379 234 2413 geistlichen
254 2379 308 2404 vnd
327 2380 491 2404 weltlichen
508 2380 562 2404 vnd
580 2380 719 2405 besunder
728 2380 894 2405 Dietricben
910 2389 988 2406 ercz-

67 2422 200 2448 bischoue
221 2431 256 2448 zu
277 2423 377 2448 Colleu
403 2423 452 2449 des
473 2423 600 2458 heiligen
619 2424 798 2449 Romiscben
816 2424 891 2449 richs
912 2432 989 2449 ercz-

66 2467 178 2491 canzler
196 2467 225 2491 in
244 2466 346 2492 Italien
366 2475 473 2492 vnsern
491 2476 587 2493 neuen
607 2468 663 2492 vnd
683 2468 813 2493 oheimen
835 2469 911 2493 allen
931 2468 989 2492 sur-

65 2512 129 2534 sten
149 2517 257 2543 grauen
276 2510 350 2535 frien
369 2511 458 2536 herrn
476 2511 581 2536 rittern
597 2512 742 2536 knechten
757 2512 989 2546 burggrefnhofr-

67 2553 195 2578 richtern
223 2554 438 2580 laundrichtern
465 2555 592 2580 richtern
618 2556 760 2589 frigrefen
785 2556 989 2589 sriscbepphen

69 2598 139 2623 allei-
165 2597 221 2622 vnd
246 2598 365 2632 iglicher
392 2599 563 2625 ofl'embarer
582 2601 637 2625 vnd
657 2600 834 2633 haymlicher
855 2601 989 2635 gerichtn

1056 2293 1179 2318 rechten
1199 2293 1256 2317 vnd
1277 2293 1375 2318 stulen
1395 2293 1470 2318 allen
1489 2296 1596 2327 vogten
1616 2293 1748 2328 pflegern
1762 2297 1910 2328 amptlutn
1923 2298 1987 2322 bur-

1058 2337 1248 2370 germaistern
1260 2337 1472 2362 schultheissen
1486 2340 1567 2361 reten
1588 2339 1644 2363 vnd
1665 2340 1817 2373 gemaindn
1840 2342 1911 2365 aller
1930 2343 1987 2366 xnd

1057 2381 1181 2415 iglicber
1205 2383 1278 2405 stete
1304 2382 1415 2405 merkte
1443 2381 1499 2405 und
1527 2381 1635 2407 dorsssser
1660 2384 1717 2407 vnd
1736 2384 1882 2409 besunder
1901 2393 1986 2410 vnser

1057 2425 1113 2449 vnd
1134 2423 1184 2449 des
1206 2425 1281 2449 richs
1293 2432 1386 2449 camer
1401 2425 1450 2449 der
1463 2427 1520 2449 stat
1537 2433 1572 2449 zu
1582 2425 1764 2459 Dorpinuude
1784 2428 1840 2452 vnd
1853 2432 1936 2454 sunst
1946 2430 1986 2454 al<

1057 2469 1105 2493 len
1125 2469 1231 2493 andern
1251 2476 1356 2492 vnseru
1377 2468 1432 2492 vnd
1452 2469 1501 2493 des
1521 2469 1600 2494 richs
1621 2472 1760 2496 vndertau
1787 2472 1843 2496 vnd
1864 2476 1984 2506 getruen

1059 2514 1113 2538 den
1140 2513 1216 2537 diser
1241 2519 1327 2536 vnser
1355 2512 1431 2536 brief
1456 2513 1604 2538 surkomet
1634 2515 1690 2539 *nd
1710 2515 1753 2540 die
1774 2516 1802 2540 in
1824 2516 1897 2540 sehn
1917 2517 1985 2542 oder

1058 2556 1150 2581 hiiren
1170 2556 1250 2581 lesen
1270 2564 1355 2581 inser
1374 2556 1448 2590 guad
1467 2557 1523 2581 vnd
1545 2558 1614 2582 alles
1626 2562 1685 2592 gut.
1705 2559 1883 2593 Erwirdigen
1898 2561 1985 2586 hoeli-

1059 2601 1207 2635 gebornen
1228 2600 1319 2625 lieben
1340 2600 1410 2625 nesn
1430 2600 1523 2626 oheim
1538 2601 1689 2629 kursiirstn
1703 2603 1797 2627 fiirstn
1817 2605 1871 2629 vnd
1891 2605 1984 2630 lieben

1723 2647 1792 2677 (-
