2235 2859
383 161 591 220 Anhang.
629 162 791 220 Konig
810 160 1059 205 Friedrich
1077 162 1165 205 IV.
1200 172 1318 217 1452,
1342 175 1442 210 Miirz
1470 178 1529 213 19.

1813 182 1945 216 cxvn

29 252 1951 276 m

123 326 177 354 97.
221 325 320 360 Papst
341 326 498 353 Nicolaus
526 326 560 355 V.
581 328 731 360 yeslaceet
752 327 822 352 dem
844 324 966 352 Kaisar
990 324 1160 353 Friedrich
1181 326 1239 353 das
1260 327 1359 355 Reclct
1381 329 1437 356 der
1458 329 1692 360 Primariarum
1714 333 1858 361 Precum.

225 378 335 413 1452‚
359 379 455 406 marr,
479 379 532 407 19.
560 380 653 413 Reyq.
677 379 736 406 No.
760 378 864 405 2777.

106 437 242 464 Nicolaus
262 439 413 472 episcopus
441 447 541 465 servus
567 447 714 464 servorum
739 439 782 464 dei
810 438 956 463 carissimo

39 483 67 507 iu
83 481 197 507 Christo
218 482 276 507 filio
299 483 443 508 Friderico
458 484 651 508 Romanorum
667 483 829 516 imperatori
846 490 958 514 semper

34 529 158 561 augusto
168 527 287 551 salutem
300 530 328 551 et
339 528 522 559 apostolicam
532 528 765 552 benedictionem.
785 526 878 560 Digna
891 534 957 551 con-

36 571 206 596 sideratione
237 570 382 596 fidelitatis
410 575 439 597 et
467 572 624 596 devotionis
651 574 700 597 tue
726 572 826 596 merita
854 571 956 603 quibus

36 617 135 640 sancte
152 616 279 640 Romane
297 616 416 640 ecclesie
432 616 534 640 unitati
558 619 586 641 et
601 616 654 641 sihi
676 616 704 641 in
721 616 896 649 apostolatus
914 615 957 640 of-

36 658 101 683 ficio
120 659 256 684 divinitus
277 659 380 684 collate
399 659 561 684 auctoritati
584 660 787 685 conservandis
805 662 890 693 prout
912 667 956 684 re-

35 711 98 728 rum
113 703 287 736 experientia
305 703 439 728 edocente
463 704 651 737 cognovimus
670 704 814 729 ferventer
832 703 955 728 afficeris

35 746 111 771 intra
125 750 221 772 nostre
237 747 338 772 mentis
351 747 577 780 perstringentes
595 748 708 773 interna
723 754 881 781 congruere
897 755 955 772 non

36 791 196 822 abnuimus,
217 793 248 815 ut
272 791 304 815 ab
330 790 426 815 eadem
443 791 562 816 ecelesia
586 792 665 816 cuius
685 795 712 817 te
735 791 848 816 fidelem
871 791 955 815 advo-

36 836 131 859 catum
157 835 291 860 devovisti
315 837 344 859 et
366 842 381 859 a
400 842 455 866 qua
478 843 539 860 eam
563 836 664 861 humili
689 836 866 869 professione
895 843 954 860 ma-

36 883 111 903 trem
138 881 214 903 tuam
234 886 439 912 recognoscens
469 882 496 903 et
519 880 663 905 dominam
680 880 714 904 ad
731 880 818 913 ipsius
833 879 953 904 ecclesie

33 921 171 947 honorem
189 925 218 947 et
231 922 300 947 sacri
319 923 439 947 Romani
457 923 566 956 imperii
585 925 669 949 decus
686 924 848 949 unctionem
866 923 954 948 victo-

34 967 75 991 rie
93 969 122 991 et:
138 966 280 999 imperiale
296 966 423 992 diadema
437 971 537 993 nostro
554 969 713 994 ministerio
734 968 877 1001 suscipere
895 975 953 992 me-

33 1011 115 1037 ruisti
132 1011 222 1035 omnis
239 1011 344 1035 favoris
361 1013 544 1045 prosequaris
560 1013 711 1046 impendiis
734 1015 762 1037 et
777 1021 829 1037 nos
851 1020 884 1037 ea
902 1012 952 1037 tibi

33 1054 228 1080 favorabiliter
249 1056 437 1081 concedamus
459 1064 513 1088 que
536 1061 585 1081 tue
608 1056 769 1081 celsitudini
793 1057 895 1081 cedant
918 1056 952 1081 ad

32 1098 170 1123 honorem
192 1101 220 1124 et
242 1107 295 1132 per
316 1108 370 1131 que
394 1100 577 1126 benemeritis
599 1104 628 1126 te
651 1101 816 1126 munificum
833 1101 951 1126 reddere

31 1142 123 1175 possis
140 1150 192 1174 ope
202 1143 381 1168 auctoritatis
397 1145 552 1177 apostolice
567 1145 596 1169 in
606 1145 775 1170 exhibitione
786 1146 951 1179 gratiarum.

27 1185 103 1212 ,Hinc
122 1190 164 1211 est
188 1187 262 1218 quod
282 1195 334 1211 nos
354 1188 410 1212 tuis
432 1189 687 1221 supplicationibus
708 1189 836 1213 inclinati
861 1189 952 1214 eidem

30 1230 193 1255 celsitudini
218 1233 265 1255 tue
289 1231 363 1256 dicta
379 1233 548 1258 auctoritate
563 1234 740 1267 presentium
762 1234 833 1258 serie
852 1241 951 1257 conce—

29 1273 121 1299 dimus
145 1278 172 1300 et
194 1275 387 1309 indulgemus,
402 1277 475 1308 quod
497 1277 518 1301 si
539 1285 590 1309 per
608 1281 636 1302 te
651 1278 797 1310 quibusvis
812 1277 954 1302 collatori-

28 1318 83 1343 bus
101 1320 161 1343 sive
183 1320 373 1344 collatricibus
389 1322 580 1352 quorumlibet
598 1322 801 1347 beneficiorum
818 1323 952 1346 eeclesia-

30 1362 167 1387 stieorum
189 1363 360 1388 secularium
392 1365 438 1389 vel
458 1366 634 1399 regularium
661 1366 788 1390 ordinum
818 1374 951 1398 quorum-

30 1414 141 1439 cunque
159 1415 210 1439 per
231 1415 342 1432 sacrum
363 1407 521 1433 Romanum
539 1410 688 1444 imperium
711 1410 830 1434 ubilibet
846 1410 951 1434 consti-

29 1450 100 1475 tutis
117 1451 201 1476 etiam
225 1451 247 1475 si
268 1452 313 1484 qui
336 1453 380 1476 vel
402 1454 424 1477 si
447 1461 500 1485 que
521 1461 553 1478 ex
572 1455 629 1479 illis
652 1455 809 1487 pontificali
832 1455 877 1479 vel
895 1455 950 1479 alia

29 1495 129 1528 quavis
145 1495 281 1529 dignitate
293 1497 480 1530 prefulgeant
496 1505 545 1522 seu
560 1499 682 1532 collegia
697 1500 821 1532 capitula
840 1503 867 1524 et
883 1508 948 1524 con·

27 1541 132 1564 ventus
149 1540 256 1564 suerint
271 1548 356 1573 super
365 1541 487 1575 singulis
505 1542 651 1568 beneficiis
668 1544 868 1568 ecclesiasticis
885 1552 948 1567 cum

28 1591 96 1608 cura
123 1584 168 1608 vel
197 1584 257 1609 sine
284 1593 351 1609 cura
378 1587 551 1611 secularibus
570 1588 619 1612 vel
638 1587 768 1612 ordinum
788 1587 947 1612 huiusmodi

26 1628 207 1661 regularibus
228 1628 257 1652 in
276 1629 398 1662 singulis
419 1630 629 1655 cathedralibus
652 1632 736 1656 etiarn
756 1632 948 1664 metropolita-

24 1672 68 1696 nis
79 1671 238 1706 collegiatis
251 1673 294 1697 vel
306 1674 367 1697 aliis
377 1674 523 1706 quibusvis
534 1675 670 1706 ecclesiis,
689 1675 796 1700 etiamsi
813 1676 948 1701 beneficia

24 1716 185 1741 huiusmodi
195 1719 377 1742 canonicatus
394 1720 421 1742 et
430 1718 573 1750 prebende
586 1722 635 1744 aut
650 1719 802 1752 dignitates
812 1728 947 1752 persona-

24 1762 71 1785 tus
81 1760 340 1785 administrationes
358 1762 403 1786 vel
413 1762 506 1787 officia
519 1763 678 1788 huiusmodi
694 1764 722 1788 in
738 1764 945 1789 cathedralibus

22 1807 50 1828 et
59 1806 285 1837 metropolitanis
302 1806 513 1839 velcollegiatis
529 1808 628 1839 etipse
637 1808 778 1840 prebende
794 1809 823 1832 in
840 1809 895 1833 illis
915 1817 947 1834 ex

21 1847 183 1873 huiusmodi
194 1850 322 1874 ecclesiis
341 1850 369 1874 in
380 1851 481 1882 quibus
498 1851 616 1876 maiores
632 1852 792 1877 etminores
802 1852 945 1884 prebende

22 1892 83 1917 fore
91 1896 249 1918 noscuntur
258 1895 342 1918 etiam
357 1895 478 1919 maiores
488 1896 595 1920 fuerint
603 1898 632 1920 et
642 1896 676 1920 ad
684 1896 837 1929 dignitates
847 1904 945 1929 perso-

22 1940 107 1962 natus
124 1937 384 1963 administrationes
400 1939 446 1964 vel
460 1940 553 1964 officia
567 1939 727 1965 huiusmodi
744 1941 944 1966 consueverint

22 1981 69 2014 qui
92 1990 144 2015 per
160 1982 329 2007 electionem
348 1984 451 2008 assumi
468 1984 576 2015 eisque,
588 1992 654 2009 cura
675 1984 822 2009 immineat
838 1985 942 2010 anima-

18 2034 82 2051 rum
96 2026 247 2051 dummodo
262 2027 415 2060 dignitates
433 2028 493 2060 ipse
512 2028 541 2052 in
560 2028 770 2053 cathedralibus
794 2031 822 2054 et
837 2033 942 2054 metro-

20 2070 154 2103 politanis
177 2073 242 2103 post
263 2071 441 2103 pontificales
460 2073 580 2097 maiores
605 2075 653 2097 aut
676 2074 703 2097 in
720 2073 877 2107 collegiatis
896 2082 941 2099 ec-

21 2115 112 2139 clesiis
134 2115 295 2139 huiusmodi
318 2116 491 2148 principales
513 2124 571 2140 non
590 2117 710 2141 existant
730 2117 763 2142 ad
787 2118 941 2143 eorundem

21 2159 188 2184 collatorum
213 2163 240 2184 et
262 2160 442 2184 collatricum
463 2160 646 2185 collationem
666 2161 859 2193 provisionem
877 2170 940 2194 pre-

18 2204 206 2228 sentationem
224 2204 393 2229 electionem
411 2212 460 2228 seu
479 2205 603 2236 quamvis
625 2205 707 2229 aliam
723 2206 939 2238 dispositionem

17 2248 205 2272 communiter
225 2248 269 2272 vel
294 2248 403 2272 divisim
428 2249 639 2281 pertinentibus
663 2250 783 2283 singulis
807 2251 937 2282 personis

17 2299 70 2322 qne
84 2291 246 2316 huiusmodi
262 2291 465 2316 beneficiorum
482 2292 557 2317 iuxta
574 2295 682 2317 statuta
705 2296 734 2318 et
756 2295 938 2319 consuetudi-

16 2343 67 2359 nes
86 2335 269 2359 ecclesiarum
292 2335 321 2359 in
338 2336 440 2367 quibus
458 2344 490 2360 ea
507 2337 615 2361 suerint
631 2337 690 2362 siue
706 2337 813 2362 indulta
829 2338 936 2363 eisdem

17 2379 141 2403 ecclesiis
168 2387 218 2411 per
247 2379 343 2404 sedem
364 2380 546 2412 apostolicum
569 2389 703 2406 concessa
725 2382 793 2406 alias
817 2390 935 2414 capaces

18 2422 76 2446 sint
92 2422 271 2447 conferendis
298 2431 348 2448 seu
373 2432 457 2456 super
474 2425 528 2448 hoc
547 2425 620 2456 quod
637 2433 758 2457 persone
774 2426 934 2451 huiusmodi

17 2465 52 2489 ad
69 2465 115 2489 illa
137 2466 307 2497 recipiantur
331 2470 359 2491 et
375 2467 561 2492 admittantur
578 2476 676 2500 preces
694 2470 799 2502 porrigi
822 2470 881 2495 sive
901 2471 933 2495 de

14 2509 144 2541 personis
176 2509 280 2534 eisdem
312 2511 345 2535 ad
370 2510 531 2536 huiusmodi
558 2511 695 2536 beneficia
725 2513 933 2539 nominationes

16 2552 78 2577 fieri
95 2552 246 2586 contigerit
269 2554 416 2585 primarias
441 2556 524 2580 iidem
547 2556 699 2581 collatores
722 2559 750 2580 et
773 2556 933 2583 collatrices

17 2596 96 2620 salvo
118 2596 192 2628 quod
215 2596 326 2630 singule
344 2599 511 2624 collationes
529 2602 557 2624 et
572 2600 684 2634 singule
699 2600 816 2625 ecclesie
832 2608 864 2626 ex
879 2602 932 2627 hoc

14 2640 89 2665 ultra
104 2648 187 2672 quam
205 2640 233 2664 in
250 2648 305 2665 uno
320 2641 457 2668 beneficio
472 2651 528 2669 non
543 2647 714 2678 graventur,
735 2651 766 2669 ac
783 2644 834 2678 ipsi
849 2645 932 2671 colla-

962 2689 967 2701 1

1025 440 1101 464 tores
1119 441 1147 464 et
1164 440 1324 466 collatrices
1342 443 1443 468 saltem
1464 446 1584 476 quatuor
1598 445 1738 472 beneficia
1753 449 1946 474 ecclesiastica

1025 483 1155 508 conferre
1174 484 1299 510 habeant
1318 485 1478 511 huiusmodi
1498 489 1630 520 precibus
1657 493 1686 515 et
1704 492 1944 518 nominationibus

1023 534 1122 559 parere
1142 531 1169 553 et
1189 529 1352 560 intendere,
1373 539 1427 555 nec
1449 540 1507 556 non
1531 540 1668 565 personas
1691 535 1769 570 ipsas
1793 537 1826 561 ad
1847 537 1944 562 huius*

1023 571 1098 595 modi
1116 572 1253 598 beneficia
1268 577 1418 606 postquam
1436 576 1504 608 ipsis
1528 577 1561 601 de
1578 577 1633 602 illis
1649 580 1784 604 canonice
1799 581 1946 612 provisum

1024 614 1111 640 suerit
1128 616 1205 641 iuxta
1229 618 1383 643 earundem
1402 627 1520 652 precum
1538 622 1639 646 seriem
1657 623 1782 655 recipere
1800 627 1828 648 et
1845 625 1944 650 admit<

1022 661 1082 683 tere
1101 660 1224 685 debeant
1239 663 1267 686 et
1284 662 1369 687 etiam
1386 664 1555 695 teneantur,
1576 666 1706 698 quodque
1725 668 1895 700 quicumque
1917 669 1946 694 in

1022 703 1167 735 quibusvis
1189 704 1378 737 dignitatibus
1403 709 1551 733 constituti
1576 717 1625 734 seu
1648 711 1832 737 ecclesiarum
1850 713 1945 738 cathe-

1022 747 1142 772 dralium
1159 749 1287 773 canonici
1303 750 1409 783 singuli
1427 752 1560 778 videlicet
1576 762 1608 778 ex
1623 754 1680 779 illis
1697 763 1766 787 quos
1780 765 1830 789 pro
1846 757 1946 792 singu-

1021 791 1056 816 lis
1071 792 1201 823 personis
1215 793 1349 825 predictis
1367 802 1482 826 precum
1500 800 1527 821 et
1543 799 1768 825 nominationum
1781 801 1944 826 huiusmodi

1022 837 1050 859 et
1067 836 1100 860 ad
1119 836 1172 860 hoc
1187 839 1218 860 ut
1235 837 1283 861 ille
1300 845 1379 862 suum
1399 840 1556 866 sortiantur
1579 843 1712 868 effectum
1728 845 1811 869 etiam
1827 854 1944 878 presen-

1020 880 1091 904 tium
1109 883 1275 906 executores
1298 882 1477 914 deputaveris
1500 893 1551 917 per
1574 894 1605 911 se
1627 888 1673 912 vel
1699 889 1784 913 alium
1807 898 1857 914 seu
1876 891 1944 915 alios

1019 922 1156 948 beneficia
1173 925 1299 956 predicta
1322 934 1385 951 cum
1404 927 1432 952 in
1450 929 1597 960 quibusvis
1621 932 1765 957 mensibus
1782 935 1946 960 vacaverint

1022 970 1050 992 et
1065 975 1119 999 que
1137 976 1260 1000 persone
1277 978 1327 1001 pro
1349 971 1450 1002 quihus
1466 980 1564 1004 preces
1583 975 1642 1000 sive
1663 976 1872 1003 nominationes
1893 979 1945 1003 liu-

1022 1012 1141 1037 iusmodi
1165 1013 1240 1037 facte
1257 1012 1363 1039 fuerint
1382 1017 1515 1047 quatinus
1538 1018 1700 1044 huiusmodi
1721 1029 1821 1053 preces
1847 1023 1879 1046 ad
1896 1023 1945 1048 illa

1022 1063 1051 1080 se
1067 1056 1221 1081 extendant
1232 1061 1298 1090 post
1313 1060 1533 1091 publicationem
1546 1062 1672 1095 ipsarum
1686 1072 1801 1096 precum
1819 1066 1878 1092 sive
1893 1076 1944 1092 no-

1020 1100 1211 1125 minationum
1227 1110 1260 1126 eo
1279 1103 1361 1127 inodo
1382 1112 1436 1136 quo
1453 1106 1537 1131 etiam
1553 1107 1607 1132 alia
1623 1108 1732 1133 indulta
1751 1118 1838 1142 super
1855 1112 1943 1136 eccle-

1021 1144 1141 1169 siasticis
1157 1145 1301 1170 beneficiis
1317 1148 1497 1174 conferendis
1516 1151 1660 1182 quibusvis
1677 1160 1728 1185 per
1745 1162 1796 1178 nos
1808 1163 1944 1179 concessa

1021 1190 1065 1213 vel
1086 1190 1267 1215 concedenda
1291 1191 1428 1223 publicari
1452 1194 1594 1220 voluimus
1619 1196 1747 1222 facienda
1772 1199 1847 1223 infra
1866 1208 1943 1224 men-

1019 1241 1078 1258 sem
1103 1237 1255 1266 postquam
1278 1236 1345 1267 ipsis
1370 1238 1480 1262 vacatio
1500 1238 1700 1265 beneficiorum
1720 1241 1882 1267 huiusmodi
1904 1245 1942 1268 in-

1018 1278 1147 1302 notuerit
1171 1279 1304 1303 duxerint
1328 1282 1502 1312 acceptanda
1524 1283 1676 1308 dummodo
1702 1286 1798 1310 eedem
1820 1296 1941 1319 persone

1018 1322 1073 1346 nisi
1095 1323 1249 1354 apostolice
1274 1324 1347 1348 sedis
1370 1324 1506 1350 officiales
1529 1327 1574 1351 vel
1599 1336 1664 1353 cum
1689 1329 1783 1363 rigore
1804 1332 1941 1357 examinis

1017 1366 1047 1390 in
1066 1366 1158 1398 aliqua
1175 1367 1250 1391 licita
1265 1368 1400 1392 facultate
1417 1370 1548 1401 graduati
1566 1371 1622 1396 sint
1641 1372 1673 1396 ad
1694 1373 1879 1399 obtinendum
1892 1376 1939 1400 be*

1016 1409 1115 1435 neiicia
1132 1411 1291 1435 huiusmodi
1307 1420 1358 1444 per
1373 1413 1539 1447 diligentem
1559 1416 1792 1442 examinationem
1808 1423 1940 1444 executo-

1015 1462 1078 1479 rum
1095 1455 1287 1486 predictorum
1311 1465 1430 1490 quorum
1454 1466 1538 1490 super
1561 1458 1614 1483 hoc
1633 1461 1821 1486 conscientias
1842 1472 1940 1489 onera-

1016 1506 1078 1522 mus
1096 1502 1210 1531 reperte
1225 1500 1331 1524 suerint
1347 1502 1458 1533 ydonee
1480 1504 1508 1526 et
1526 1503 1587 1535 ipsa
1607 1504 1743 1529 beneficia
1762 1506 1939 1539 dispositioni

1017 1543 1172 1575 apostolice
1183 1544 1356 1577 generaliter
1374 1548 1518 1571 reservata
1534 1555 1591 1571 non
1608 1548 1666 1572 sint
1683 1548 1864 1582 ipsorumque
1882 1553 1939 1577 col-

1016 1587 1083 1611 latio
1101 1595 1158 1611 non
1176 1587 1262 1612 suerit
1281 1588 1356 1613 iuxta
1371 1588 1573 1615 Lateranensis
1591 1594 1699 1617 statuta
1715 1593 1828 1618 concilii
1844 1596 1877 1619 ad
1895 1604 1938 1620 se-

1015 1631 1078 1656 dem
1096 1632 1254 1664 predictam
1270 1633 1396 1666 legitime
1418 1634 1553 1660 devoluta
1576 1644 1670 1668 neque
1692 1645 1777 1670 super
1792 1639 1848 1663 illis
1864 1640 1938 1665 inter

1015 1675 1123 1707 aliquos
1141 1676 1174 1700 lis
1194 1677 1318 1709 pendeat
1338 1677 1463 1703 indecisa
1480 1687 1543 1704 cum
1560 1681 1689 1706 omnibus
1706 1682 1813 1707 iuribus
1830 1686 1858 1708 et
1874 1693 1937 1716 per-

1015 1719 1141 1744 tinentiis
1159 1721 1216 1744 suis
1231 1722 1359 1752 personis
1382 1721 1452 1754 ipsis
1474 1723 1559 1748 etiam
1575 1730 1662 1749 unum
1684 1725 1738 1750 duo
1756 1727 1800 1751 vel
1818 1728 1868 1752 tria
1889 1732 1937 1754 aut

1013 1764 1095 1795 plura
1122 1772 1353 1797 quarumcunque
1378 1766 1546 1798 qualitatum
1575 1772 1602 1793 et
1627 1769 1829 1803 cuiuscumque
1851 1774 1935 1797 annui

1013 1808 1117 1832 valoris
1137 1809 1328 1833 ecclesiastica
1346 1809 1483 1836 beneficia
1498 1811 1691 1838 obtinentibus
1716 1817 1743 1839 et
1761 1816 1935 1847 expectanti-

1012 1852 1064 1877 bus
1080 1852 1210 1876 conserre
1225 1855 1254 1877 et
1270 1854 1417 1887 assIgnare
1433 1862 1485 1879 nec
1500 1864 1557 1879 non
1571 1858 1665 1881 omnia
1681 1861 1709 1882 et
1720 1859 1832 1892 singula
1845 1862 1934 1892 quoad

1012 1895 1065 1920 hoc
1083 1898 1114 1920 ut
1136 1904 1253 1928 precum
1276 1905 1326 1921 seu
1347 1899 1576 1924 nominationum
1600 1908 1631 1924 ac
1653 1904 1880 1934 acceptationum
1908 1908 1936 1930 et

1012 1941 1196 1965 collationum
1215 1941 1377 1966 huiusmodi
1393 1944 1523 1968 succedat
1538 1944 1658 1969 effectus
1678 1950 1817 1978 oportuna
1830 1949 1935 1974 suerint

1010 1985 1103 2010 facere
1125 1987 1153 2009 et
1175 1986 1343 2011 auctoritate
1361 1989 1458 2011 nostra
1477 1995 1528 2019 per
1552 1997 1700 2014 censuram
1718 1991 1932 2018 ecclesiasticam

1010 2029 1109 2061 exequi
1133 2029 1243 2061 possint
1263 2032 1290 2054 et
1305 2031 1433 2062 valeant,
1455 2038 1539 2065 super
1561 2033 1662 2064 quibus
1685 2034 1753 2066 ipsis
1774 2036 1887 2068 plenam
1906 2041 1933 2061 et

1009 2074 1128 2098 liberam
1151 2074 1320 2099 auctoritate
1344 2075 1470 2107 predicta
1491 2080 1589 2102 tenore
1614 2080 1790 2110 presentium
1807 2083 1930 2112 potesta*

1007 2120 1065 2142 tem
1092 2118 1271 2142 concedimus
1294 2121 1323 2143 et
1347 2119 1431 2144 etiam
1460 2121 1634 2146 facultatem.
1662 2121 1725 2147 Non
1751 2124 1930 2149 obstantibus

1007 2162 1261 2186 constitutionibus
1291 2166 1319 2186 et
1342 2164 1566 2189 ordinationibus
1590 2167 1768 2198 apostolicis,
1793 2175 1846 2193 nec
1871 2177 1929 2194 non

1007 2206 1068 2230 aliis
1096 2206 1282 2230 ecclesiarum
1313 2207 1341 2231 in
1363 2208 1465 2239 quibus
1490 2209 1627 2234 beneficia
1649 2210 1812 2235 huiusmodi
1834 2213 1929 2238 forsan

1006 2250 1112 2274 suerint
1131 2251 1246 2275 statutis
1267 2254 1295 2275 et
1318 2253 1572 2278 consuetudinibus
1591 2254 1647 2278 illis
1662 2256 1812 2287 presertim
1827 2258 1927 2288 quibus

1004 2296 1033 2319 in
1050 2295 1175 2319 ecclesiis
1191 2295 1219 2319 in
1235 2296 1335 2327 quibus
1351 2295 1473 2321 maiores
1489 2300 1516 2321 et
1534 2298 1657 2322 minores
1672 2299 1814 2331 prebende
1828 2300 1927 2326 huius-

1003 2339 1077 2363 modi
1101 2339 1209 2363 t'uerint
1235 2340 1327 2364 caveri
1354 2340 1455 2364 dicitur
1486 2342 1560 2372 quod
1581 2342 1678 2366 nullus
1702 2343 1768 2367 inibi
1790 2345 1925 2370 maiorem

1002 2382 1175 2415 prebendam
1192 2384 1300 2414 assequi
1318 2384 1412 2408 valeat
1427 2385 1481 2408 nisi
1507 2385 1540 2409 ad
1555 2385 1634 2410 illam
1651 2386 1684 2411 de
1702 2388 1803 2412 minori
1823 2390 1926 2422 grada-

1002 2427 1052 2450 tim
1077 2428 1104 2450 et
1126 2434 1176 2458 per
1200 2427 1345 2459 optionem
1371 2428 1504 2452 ascendat
1525 2429 1683 2454 iuramento
1709 2432 1924 2457 confirmatione

1002 2471 1158 2502 apostolica
1187 2471 1232 2495 vel
1260 2470 1313 2495 alia
1335 2473 1432 2502 quavis
1452 2472 1586 2497 firmitate
1608 2474 1749 2499 roboratis
1773 2477 1923 2501 contrariis

1001 2515 1226 2547 quibuscumque
1251 2520 1299 2539 aut
1325 2516 1347 2539 si
1371 2516 1511 2547 aliquibus
1535 2525 1621 2549 super
1638 2519 1849 2551 provisionibus
1870 2521 1921 2545 sibi

1000 2559 1132 2583 faciendis
1158 2558 1191 2583 de
1213 2557 1374 2583 huiusmodi
1399 2560 1442 2584 vel
1469 2558 1531 2584 aliis
1555 2561 1699 2586 beneficiis
1723 2564 1921 2589 ecclesiasticis

1000 2603 1138 2635 speclales
1155 2603 1200 2626 vel
1218 2603 1367 2636 generales
1384 2603 1456 2628 dicte
1470 2605 1544 2629 sedis
1559 2606 1604 2630 vel
1623 2606 1782 2639 legatorum
1799 2608 1858 2632 eius
1875 2609 1920 2634 lit-

999 2651 1059 2673 tere
1078 2647 1162 2672 etiam
1179 2651 1278 2672 nostro
1297 2647 1341 2673 vel
1356 2655 1402 2673 eas
1417 2649 1633 2675 concedentium
1647 2653 1725 2676 motu
1740 2653 1854 2685 proprio
1872 2657 1919 2678 aut
