2235 2859
429 116 639 174 Anhang.
672 116 834 174 Konig
863 113 1111 157 Friedrich
1139 113 1222 158 lv.
1258 125 1373 165 1444,
1403 125 1489 171 May
1514 125 1575 160 21.

1894 130 1977 164 LXI

66 270 122 295 vnd
138 269 208 300 end,
229 268 277 293 das
301 275 331 292 er
350 267 378 291 in
403 266 560 291 deutschen
579 266 703 291 lannden
719 265 872 290 wesenlich
891 264 987 295 siczet,

66 314 124 339 war
140 313 206 338 aber
223 313 273 336 daz
291 320 322 336 er
337 312 432 343 yensit
448 311 502 335 den
517 311 626 345 bergen
644 311 671 334 in
688 308 788 335 Italien
804 317 886 340 were,
905 317 988 333 wenn

69 359 123 384 den
139 356 262 382 solicber
277 363 362 380 ‹nser
383 355 548 388 gebotbrief
567 362 623 388 gen
640 353 729 379 Gertz
753 354 782 378 in
805 353 864 377 sein
884 353 988 385 houpt-

65 401 124 428 slos
139 400 306 436 geantwurd
322 399 405 430 werd⁷
425 400 474 424 das
493 400 540 424 des
554 399 630 423 dann
646 398 732 422 damit
744 405 823 432 gnug
833 405 891 430 sey.
907 396 988 421 Denn

66 454 122 472 von
145 445 195 470 der
213 445 310 469 20.000
328 443 434 477 gulden
459 443 582 468 scbeden
605 450 705 475 wegen
729 443 764 466 ist
789 441 863 466 onch
885 441 991 468 erteilt‚

65 489 132 516 wiill
147 489 196 514 der
212 495 267 513 von
284 488 477 521 Scbawnberg
492 488 547 512 den
562 495 617 510 von
635 486 724 510 Giirtz
748 486 866 510 darumb
881 485 986 518 spruch

64 535 106 560 nit
122 536 282 566 vertragen,
297 532 382 566 mogo
400 540 430 556 er
445 533 473 556 in
490 531 607 556 darumb
624 531 774 555 siirnemen
791 530 832 554 als
846 529 927 554 recht
943 530 988 554 ist.

64 579 148 604 Diser
164 578 286 602 vrteilen
301 577 362 601 sind
381 576 448 609 grat*
460 575 629 600 Juliannsen
644 583 699 599 von
710 574 905 607 Schawnberg
914 573 991 599 brief

66 623 162 648 erteilt
180 630 214 646 zu
231 621 333 655 geben.
355 620 463 652 Hiebey
480 620 540 643 sind
555 626 686 652 gen-esen
704 618 752 656 ¹die
771 618 853 642 edcln
868 617 924 642 vnd
942 625 988 642 ve-

68 670 132 692 sten
157 665 296 691 Heinrich
317 665 383 698 graf
406 672 441 689 zu
465 663 653 696 0rtemberg,
684 661 792 687 Com-at
814 670 871 686 von
890 661 988 695 Kreyg

67 719 154 736 vnsor
168 710 348 741 hunonis-ter,
366 708 498 734 Julianus
516 708 583 733 herr
602 716 637 733 zu
647 706 832 741 Abensperg,
850 706 988 732 Albrecht

1055 272 1111 289 ron
1130 263 1311 293 Potcndorss',
1339 263 1444 288 Erbart
1474 265 1530 289 vnd
1556 264 1685 298 Stephan
1709 275 1767 292 von
1791 266 1977 302 Czelkingen,

1055 307 1188 334 Walther
1203 308 1364 341 Zebinger,
1384 308 1523 333 wilhalm
1544 318 1607 334 vom
1623 309 1716 343 Stain,
1735 311 1807 346 Jorg
1822 320 1878 337 von
1893 312 1977 338 Aion>

1054 360 1141 384 perg,
1159 352 1232 386 Jorg
1248 352 1344 377 Schek
1356 371 1362 381 ‚
1381 351 1510 376 Dietricb
1529 352 1667 385 Stauffer,
1687 355 1776 381 Jacob
1792 356 1905 388 Sebick,
1927 356 1978 383 Ott

1054 396 1201 427 Grannse,
1227 396 1312 421 Asam
1336 395 1426 421 Torer
1451 396 1507 421 vnd
1532 397 1668 422 wilhelm
1690 398 1865 434 Preysinger
1882 401 1977 426 recht-

1055 448 1066 465 s
1089 441 1198 465 recher.

1069 449 1086 473 P
1123 484 1177 509 Mit
1196 484 1309 509 vrkund
1329 484 1385 509 diss
1404 484 1494 509 briefs
1515 485 1653 519 versigelt
1672 486 1722 510 mit
1740 495 1855 512 vnserm
1874 489 1977 523 kunig*

1054 528 1149 553 lichen
1171 529 1366 561 anhangundn
1388 529 1499 563 insigel.

1125 572 1208 598 Gebn
1228 581 1263 598 zu
1274 574 1380 599 Wionn
1400 574 1473 598 nach
1491 573 1581 599 Crists
1598 575 1701 607 geburt
1714 575 1787 606 xiiij.
1799 585 1820 600 c.
1836 577 1893 601 rud
1908 578 1977 609 xliiij

1054 625 1098 642 am
1118 617 1256 651 dornstag
1277 617 1305 643 S.
1322 617 1448 651 Philippi
1468 618 1525 643 vnd
1543 618 1743 651 Jacobiabent,
1763 628 1863 646 vnsers
1882 621 1975 646 reichs

1053 661 1091 687 im
1111 661 1225 686 sunnon
1240 661 1311 693 jare.

65 886 122 914 47.
145 884 186 914 K.
207 882 374 912 Friedrich
396 883 465 910 und
485 881 555 910 sein
579 882 706 910 Bruder
730 882 858 917 Herzog]
867 879 1015 908 Albi-eom
1037 878 1210 906 scliliessen
1234 880 1327 906 einen
1351 878 1591 917 ztccgffc'z'lzriyen
1608 879 1900 917 Waff'cnsee'llscand
1919 883 1975 910 mit

259 935 298 965 K.
326 936 521 963 li'lade'slaus
542 944 604 964 vron
627 937 735 965 Palen.
758 936 873 971 1444,
895 935 971 970 May
993 933 1044 961 21.
1068 933 1161 968 Reyy.
1185 934 1244 962 No.
1269 933 1369 961 1645.

134 1009 295 1036 Fridericus
322 1013 375 1035 etc.
401 1009 508 1035 Notum
534 1011 654 1036 facimus
680 1014 780 1036 tenore
806 1018 983 1044 presenffium

62 1055 210 1080 universis.
231 1054 313 1086 Quod
332 1063 384 1079 nos
402 1063 466 1079 cum
483 1056 662 1080 serenissimo
681 1056 807 1088 principe
826 1053 982 1080 Wladislao

62 1108 132 1133 rege
146 1098 266 1123 Polonie
282 1101 335 1123 etr.
355 1099 442 1123 fratre
456 1102 483 1123 et
495 1101 710 1134 consanguineo
725 1102 822 1124 nostro
840 1099 982 1123 carissimo

63 1145 92 1169 in
114 1143 274 1168 sinceritate
300 1145 328 1166 et
350 1143 504 1168 dileccione
534 1151 565 1168 ac
586 1144 770 1176 prestantiori
794 1146 825 1167 ut
847 1143 983 1167 conuenit

59 1189 141 1213 unire
164 1188 310 1220 cupientes
333 1186 527 1218 fraternitate,
558 1197 609 1220 pro
635 1191 819 1219 utrorumque
844 1190 982 1212 terrarum

61 1240 93 1256 ac
117 1232 293 1256 subditorum
315 1233 477 1255 nostrorum
498 1232 653 1263 tranquillo
679 1234 706 1255 et
727 1231 830 1255 salubri
852 1233 926 1255 statu
947 1230 981 1255 ad

60 1276 133 1300 infra
148 1276 265 1307 scriptas
288 1275 452 1299 ‹leuenimus
473 1275 663 1300 ordinationes
688 1275 842 1300 deliberato
864 1273 981 1299 consilio

62 1327 93 1345 ac
105 1320 178 1344 bona
193 1319 342 1344 conclusas
358 1319 411 1343 tide
427 1320 478 1344 sub
496 1320 585 1344 forma
602 1322 628 1344 et
643 1320 735 1344 modis
750 1323 780 1344 ut
795 1320 924 1352 sequitur
940 1320 981 1344 in-

59 1363 227 1396 frascriptis.
246 1362 278 1388 In
295 1362 394 1395 primis
411 1371 446 1388 ne
463 1366 615 1388 teneantur
631 1367 678 1388 aut
693 1365 843 1388 foveantur
859 1364 887 1388 in
903 1364 981 1396 prin-

60 1407 199 1440 cipatibus
218 1410 245 1432 et
260 1407 343 1431 terris
360 1407 464 1431 nostris
480 1410 508 1432 et
522 1408 640 1432 illustris
653 1407 761 1433 Alberti
778 1407 979 1434 ducisAustrie

59 1450 144 1476 Stirie
159 1454 212 1476 etc.
232 1451 366 1485 prins-ipis
384 1454 411 1475 et
427 1452 554 1484 germani
576 1452 665 1476 nostri
687 1452 823 1476 rarissimi
845 1454 873 1476 et
889 1453 918 1477 in
933 1461 979 1478 ca-

59 1495 126 1520 stris
143 1495 304 1519 civitatibus
326 1498 353 1519 et
375 1494 548 1519 districtibus
563 1497 689 1520 omnium
707 1504 802 1520 eorum
819 1497 864 1529 qui
880 1495 908 1521 in
925 1497 977 1522 hac

56 1539 160 1564 unione
180 1541 245 1563 sunt
264 1538 461 1571 comprehensi
484 1542 516 1564 ut
534 1540 610 1565 infra
625 1541 831 1571 declarabitur,
850 1549 903 1565 nec
924 1542 977 1566 eis-

56 1583 118 1608 dem
137 1583 285 1608 consilium
302 1582 436 1608 auxilium
453 1586 500 1608 aut
516 1584 599 1609 fauor
613 1584 695 1609 detur
711 1585 756 1617 qui
772 1593 803 1610 ex
818 1585 885 1617 ipsis
901 1586 977 1618 prin-

59 1627 201 1662 cipatibus
219 1627 301 1652 terris
319 1627 418 1651 castris
435 1627 594 1653 civitatibus
620 1632 647 1653 et
663 1628 835 1653 districtibus
850 1629 977 1654 subditos

60 1671 165 1705 prefati
187 1671 281 1696 fratris
303 1672 393 1695 nostri
414 1671 531 1697 Polonie
551 1674 628 1707 regis
647 1675 674 1697 et
699 1672 751 1697 sibi
771 1673 933 1698 obedientes
950 1674 979 1698 in

56 1723 149 1749 regno
165 1715 309 1748 Hungarie
331 1715 463 1740 invadere
488 1718 610 1749 spoliare
631 1717 778 1749 depredari
800 1725 849 1741 seu
865 1718 977 1749 quovis-

55 1760 137 1784 modo
156 1760 184 1784 in
195 1759 275 1783 bonis
290 1760 376 1784 rebus
391 1759 497 1791 pariter
514 1764 542 1785 et
556 1761 687 1793 personis
703 1761 853 1786 molestare
870 1762 977 1787 vellent

57 1803 220 1836 quinpotius
237 1803 349 1827 eosdem
367 1804 399 1828 de
416 1805 498 1828 terris
515 1805 721 1837 principatibus
739 1813 769 1830 ac
786 1806 916 1831 dominiis
931 1815 977 1832 ca-

56 1848 123 1872 stris
140 1850 168 1872 et
181 1847 354 1871 districtibus
368 1847 528 1872 huiusmodi
545 1857 596 1881 pro
613 1857 696 1881 posse
711 1850 850 1881 expellere
866 1858 896 1875 ac
911 1859 975 1883 pro-

52 1892 152 1925 sugare
180 1891 358 1921 conabimur,
394 1892 524 1917 volentes
555 1893 670 1925 insuper
690 1895 796 1918 nostris
820 1895 974 1927 probibere

54 1935 175 1960 subditis
198 1943 233 1961 ne
263 1936 383 1967 aliquam
410 1936 570 1962 molestiam
593 1936 724 1962 iniuriam
747 1938 794 1962 vel
818 1946 974 1971 grauamen

55 1988 88 2004 cx
104 1980 187 2004 terris
205 1979 336 2004 dominiis
352 1979 559 2013 principatibus
582 1984 610 2006 et
627 1982 799 2006 districtibus
820 1983 927 2007 nostris
945 1986 973 2008 et

51 2024 168 2049 illorum
183 2024 268 2056 quiin
283 2024 334 2048 hac
344 2024 449 2049 unione
463 2025 647 2050 includuntur
658 2025 768 2058 pretato
784 2026 972 2052 fratrinostro

52 2068 114 2102 regi
133 2067 252 2092 Polonie
274 2068 393 2092 subditis
410 2070 437 2092 et
452 2069 645 2093 obedientibus
666 2070 719 2094 sibi
738 2070 767 2094 in
785 2078 875 2103 regno
894 2071 973 2096 Hun-

52 2113 130 2147 garie
154 2113 205 2137 sub
225 2120 393 2144 quocunque
418 2113 513 2137 colore
537 2114 661 2138 inserant
683 2114 787 2139 saciant
806 2115 850 2139 vel
873 2115 971 2140 inferri

51 2156 230 2189 permittant.
251 2156 307 2180 Sed
330 2157 351 2180 si
380 2157 425 2188 qui
450 2165 481 2181 ex
502 2158 609 2181 nostris
629 2161 655 2182 et
676 2158 740 2183 dieti
767 2159 844 2184 ducis
863 2158 971 2185 Alberti

52 2199 181 2234 germani
196 2200 286 2224 nostri
302 2203 329 2224 et
346 2201 460 2225 illorum
479 2201 523 2232 qui
547 2202 575 2225 in
594 2201 645 2226 hac
660 2203 766 2228 unione
785 2206 853 2228 sunt
871 2204 971 2228 inclusi

53 2244 169 2269 subditis
195 2247 222 2268 et
244 2244 438 2269 obedientibus
460 2248 558 2270 contra
577 2246 699 2277 aliquem
729 2255 778 2271 seu
807 2248 916 2279 aliquos
941 2256 972 2271 ex

53 2287 168 2312 subditis
184 2288 229 2312 vel
243 2288 438 2312 obedientibus
457 2289 546 2313 eidem
569 2290 650 2314 fratri
667 2293 766 2315 nostro
781 2292 841 2323 regi
853 2291 970 2316 Polonie

53 2331 81 2355 in
99 2339 187 2364 regno
201 2330 348 2364 nungarie
368 2333 511 2357 accionem
535 2341 585 2357 seu
608 2335 827 2359 conventionem
848 2336 970 2367 aliquam

52 2374 154 2399 habere
169 2375 346 2407 pretenderit
369 2379 417 2400 aut
433 2377 609 2401 cxtimaverit
634 2380 736 2403 extunc
759 2378 829 2402 idem
847 2379 969 2403 accionis

51 2418 97 2442 vel
112 2419 304 2444 conventionis
320 2420 480 2445 huiusmodi
497 2421 645 2445 occasione
658 2422 750 2446 sorum
765 2423 805 2446 rei
821 2423 892 2447 infra
906 2431 970 2457 reg-

52 2469 121 2486 num
136 2461 281 2496 {hungarie
301 2468 456 2496 sequantur
469 2468 496 2489 et
510 2464 646 2490 iustitiam
658 2466 759 2489 ibidem
770 2473 783 2490 a
798 2468 969 2500 competenti

52 2506 141 2530 indice
166 2506 332 2538 implorent,
362 2516 415 2539 que
447 2509 498 2533 sibi
528 2509 603 2534 iuxta
625 2511 714 2542 patrie
734 2512 969 2536 consuetudinem

50 2550 166 2574 indilate
183 2549 265 2575 debet
281 2551 476 2584 administrari,
492 2552 544 2577 boe
561 2554 724 2585 specialiter
739 2554 880 2580 declarato
895 2556 967 2587 quod

50 2594 177 2626 prefatus
196 2594 283 2619 frater
300 2599 397 2621 noster
415 2604 464 2622 rex
482 2596 600 2622 Polonie
622 2598 695 2623 ultra
715 2605 747 2623 ea
765 2607 819 2630 qne
840 2607 916 2624 nunc
941 2601 967 2624 in

1049 1016 1140 1041 regno
1158 1007 1306 1041 Hungarie
1319 1009 1345 1032 et
1365 1008 1438 1033 intra
1454 1008 1515 1032 eius
1533 1011 1624 1034 metas
1641 1010 1676 1034 de
1693 1010 1852 1035 civitatibus
1871 1012 1972 1035 castris

1049 1053 1167 1077 cameris
1182 1052 1282 1077 officiis
1300 1055 1327 1077 et
1343 1052 1399 1076 suis
1418 1052 1598 1085 pertinentiis
1617 1054 1835 1086 quibuscumque
1846 1055 1972 1087 possidet

1049 1099 1077 1121 et
1094 1099 1187 1127 tenet,
1210 1105 1323 1121 manum
1346 1105 1405 1121 non
1429 1098 1559 1122 extendat
1583 1098 1611 1122 in
1635 1099 1787 1130 dampnum
1807 1099 1926 1124 aliorum
1944 1102 1972 1125 et

1047 1141 1190 1166 violenter
1205 1149 1257 1165 nec
1274 1149 1322 1173 per
1333 1149 1400 1165 suos
1416 1141 1542 1166 subditos
1558 1143 1602 1167 vel
1617 1142 1780 1167 obedientes
1797 1144 1909 1167 extendi
1925 1152 1971 1176 pa?

1047 1186 1147 1209 tiator.
1175 1185 1312 1216 Quodque
1339 1193 1424 1217 super
1449 1186 1492 1209 bis
1518 1194 1572 1217 que
1598 1187 1631 1211 ad
1657 1190 1748 1211 castra
1777 1188 1821 1211 vel
1841 1189 1970 1213 civitates

1047 1229 1123 1262 apud
1139 1237 1237 1253 manus
1256 1230 1316 1253 eius
1339 1232 1386 1253 aut
1411 1230 1461 1253 sibi
1479 1230 1671 1255 obedientium
1688 1232 1842 1257 existentes
1859 1233 1969 1257 ordina-

1045 1274 1086 1298 rie
1107 1277 1134 1298 et
1151 1274 1235 1297 solito
1259 1273 1291 1297 ab
1308 1273 1375 1297 olim
1393 1281 1470 1298 more
1485 1275 1635 1306 provenire
1651 1279 1863 1300 consueverunt
1879 1279 1907 1300 et
1924 1277 1969 1301 de—

1046 1318 1113 1342 bent
1134 1320 1286 1342 contentus
1311 1317 1343 1341 ad
1366 1319 1611 1343 conservationem
1631 1319 1794 1344 huiusmodi
1812 1324 1968 1345 castrorum

1045 1364 1072 1386 et
1091 1361 1235 1385 civitatum
1257 1362 1339 1393 plura
1360 1362 1505 1393 acquirere
1522 1370 1571 1387 seu
1586 1371 1674 1388 novos
1695 1372 1798 1389 census
1822 1365 1968 1397 imponere

1044 1414 1102 1431 non
1116 1406 1217 1430 debeat
1240 1414 1293 1430 nec
1310 1406 1414 1437 imponi
1430 1407 1583 1438 permittat.
1610 1407 1681 1432 Item
1705 1409 1778 1440 quod
1796 1408 1914 1433 liberum
1932 1410 1969 1433 stt

1043 1450 1246 1475 mercatoribus
1262 1452 1289 1474 et
1306 1450 1423 1474 subditis
1442 1450 1554 1475 nunciis
1576 1454 1603 1476 et
1618 1453 1854 1477 ambasiatoribus
1871 1454 1967 1478 cirita-

1042 1496 1101 1519 tum
1116 1497 1256 1518 terrarum
1272 1498 1432 1519 castrorum
1450 1497 1478 1519 et
1493 1496 1625 1520 villarum
1643 1487 1803 1521 obedientie
1828 1497 1892 1522 dicti
1912 1498 1966 1522 sra—

1042 1539 1092 1563 tris
1108 1539 1196 1563 nostri
1214 1539 1289 1571 regis
1305 1538 1423 1563 l’olonie
1439 1539 1466 1563 in
1482 1547 1573 1571 regno
1592 1539 1739 1573 Hungarie
1758 1543 1786 1565 et
1803 1542 1861 1566 eius
1877 1544 1967 1566 terra-

1041 1591 1103 1607 rum
1127 1591 1159 1608 ac
1177 1583 1364 1607 dominiorum
1382 1592 1617 1615 quorumcunque
1638 1592 1687 1616 per
1710 1585 1887 1618 principatus
1910 1588 1965 1610 ter

1041 1634 1086 1651 ras
1102 1630 1130 1651 et
1145 1627 1265 1651 dominia
1281 1628 1405 1659 quelibet
1423 1630 1453 1651 ut
1469 1628 1611 1659 prefertur
1627 1628 1708 1652 nobis
1727 1631 1754 1653 et
1767 1637 1905 1662 germano
1916 1638 1967 1654 no-

1043 1673 1100 1695 stro
1115 1679 1145 1695 ac
1161 1672 1215 1696 illis
1232 1672 1279 1703 qui
1300 1671 1327 1695 in
1344 1671 1397 1695 hac
1418 1672 1522 1696 unione
1538 1672 1821 1704 comprehenduntur
1836 1674 1966 1698 obedien-

1042 1714 1079 1739 tia
1097 1722 1128 1739 ac
1143 1715 1270 1746 subjecta
1287 1715 1448 1747 ubicunque
1466 1716 1504 1740 ire
1520 1717 1641 1740 transire
1659 1717 1801 1750 negotiari
1820 1719 1847 1741 et
1862 1718 1966 1742 morari

1040 1759 1087 1783 ubi
1107 1762 1135 1784 et
1150 1760 1281 1791 quotiens
1295 1760 1436 1791 placuerit
1454 1762 1481 1784 et
1500 1768 1569 1792 opus
1590 1760 1644 1784 erit
1665 1761 1795 1785 omnibus
1816 1762 1965 1786 occasione

1038 1804 1079 1828 rei
1096 1804 1299 1835 cuiuscumque
1313 1806 1419 1828 arresto
1437 1804 1601 1828 detentione
1613 1813 1661 1829 seu
1673 1804 1873 1837 impediinenlo
1886 1814 1966 1838 pror-

1038 1856 1084 1872 sus
1096 1848 1233 1872 ammotis.
1245 1846 1304 1872 IIoc
1314 1848 1392 1872 salvo
1402 1848 1475 1879 quod
1485 1848 1566 1872 terris
1580 1852 1608 1873 et
1617 1849 1820 1880 principatibus
1831 1858 1862 1874 ac
1873 1852 1959 1875 ‹loini—

1039 1891 1093 1916 niis
1104 1892 1238 1924 predictis
1253 1892 1280 1916 in
1292 1892 1334 1916 liis
1346 1900 1398 1923 que
1408 1890 1469 1916 fieri
1481 1893 1659 1916 etobservari
1671 1896 1738 1917 sunt
1756 1893 1858 1917 ibidem
1874 1893 1959 1919 solita

1040 1939 1068 1962 et
1083 1939 1219 1961 consueta
1235 1944 1266 1960 ac
1280 1937 1405 1968 ipsorum
1430 1936 1482 1960 iuri
1502 1937 1529 1960 in
1544 1936 1597 1960 boc
1615 1945 1673 1961 non
1688 1937 1854 1971 derogetur,
1876 1939 1963 1970 quod-

1039 1989 1092 2013 que
1108 1981 1244 2005 transitus
1260 1981 1471 2014 negotiationis,
1493 1988 1523 2005 ac
1539 1989 1616 2005 more
1633 1984 1664 2005 ut
1679 1981 1822 2013 prefertur
1838 1982 1871 2006 ad
1887 1983 1963 2007 dam-

1038 2033 1106 2050 num
1125 2028 1265 2050 terrarum
1284 2025 1495 2057 principatuum
1515 2030 1542 2050 et
1562 2025 1749 2049 dominIorum
1769 2026 1961 2058 predictorum

1038 2072 1086 2094 aut
1114 2070 1290 2094 subditorum
1318 2070 1479 2093 eorumdem
1506 2072 1537 2094 nt
1562 2070 1736 2101 premittitur
1760 2078 1817 2094 non
1838 2070 1962 2097 tendant.

1038 2117 1167 2146 preterea
1194 2114 1222 2138 in
1248 2121 1313 2138 casu
1340 2122 1394 2146 quo
1424 2114 1508 2145 aliqui
1535 2113 1624 2146 ipsius
1654 2113 1747 2137 fratris
1773 2114 1863 2138 nostri
1884 2115 1961 2148 regis

1038 2157 1155 2183 Polonie
1185 2160 1233 2182 aut
1258 2159 1349 2182 nostri
1375 2165 1425 2182 sen
1453 2158 1555 2190 prefati
1576 2157 1701 2191 germani
1721 2157 1811 2181 nostri
1833 2160 1881 2181 aut
1901 2159 1961 2182 illo-

1036 2211 1100 2227 rum
1119 2202 1164 2234 qui
1186 2202 1213 2226 in
1232 2202 1284 2226 hae
1304 2202 1407 2226 unione
1428 2202 1610 2226 includuntur
1631 2201 1733 2225 subditi
1747 2200 1879 2232 predictis
1897 2211 1962 2228 con<

1037 2247 1124 2271 traire
1154 2251 1200 2271 aut
1228 2254 1259 2271 ea
1286 2247 1368 2271 modo
1395 2255 1449 2278 quo
1475 2245 1651 2278 premittitur
1671 2245 1822 2269 observare
1842 2246 1962 2278 nollenty

1038 2299 1088 2315 seu
1108 2293 1273 2315 recusarent
1300 2291 1347 2315 sed
1375 2291 1464 2322 spolia
1485 2293 1531 2314 ant
1552 2290 1604 2313 alla
1625 2289 1745 2321 dampna
1765 2290 1899 2315 hincinde
1919 2291 1960 2316 ῑιιἶ

1037 2335 1110 2359 ferre
1130 2335 1175 2359 vel
1196 2336 1362 2359 continuare
1383 2336 1581 2366 presumerent
1608 2342 1639 2357 ex
1666 2337 1734 2357 tunc
1754 2338 1873 2366 utraque
1893 2343 1958 2366 pars

1037 2379 1070 2403 ad
1088 2380 1297 2412 repressionem
1318 2382 1345 2403 et
1360 2379 1587 2402 emendationem
1604 2377 1669 2401 talis
1685 2378 1730 2402 vel
1748 2379 1846 2403 talium
1863 2379 1959 2412 damp-

1036 2422 1178 2447 nilicantis
1207 2424 1252 2447 vel
1278 2422 1541 2455 ‹lampnificantium
1570 2421 1717 2446 intendere
1746 2423 1900 2455 pror-edere
1928 2431 1958 2447 ar

1036 2474 1174 2499 exurgere
1195 2469 1325 2491 teneatur
1344 2467 1579 2498 quandocumque
1610 2474 1665 2490 una
1686 2474 1749 2498 pars
1771 2467 1853 2491 aliam
1874 2468 1957 2492 ‹luxe-

1034 2510 1071 2535 rit
1090 2510 1288 2542 requirendam
1310 2514 1342 2535 ut
1361 2512 1399 2535 sic
1421 2509 1507 2534 unitis
1527 2509 1634 2535 viribus
1650 2511 1864 2535 molestationes
1882 2512 1957 2535 evel*

1035 2556 1141 2585 lantur,
1162 2554 1210 2579 sed
1232 2555 1253 2578 si
1273 2555 1366 2587 aliqua
1387 2555 1508 2587 partium
1528 2555 1614 2579 vellet
1635 2556 1677 2578 vel
1697 2558 1793 2587 posset
1813 2555 1878 2580 talla
1896 2555 1955 2580 sine

1035 2599 1137 2624 auxilio
1167 2607 1215 2623 seu
1243 2599 1419 2624 invocatione
1441 2599 1556 2625 alterins
1581 2600 1670 2631 partis
1698 2599 1834 2632 perlicere
1856 2600 1909 2625 hoe
1931 2601 1954 2625 ei
