2209 2858
208 176 303 210 CXL

548 162 757 218 Anhang.
784 162 1036 205 Friedrich
1055 160 1144 206 lV.
1171 160 1298 217 (ΠΙ.)
1326 172 1436 211 1461,
1465 172 1658 204 December
1681 173 1741 207 17.

205 357 279 385 115.
308 356 375 383 Der
402 355 581 390 pcipstliclee
617 354 1108 390 Uutersuclnmys-Commio-scir
1137 355 1226 381 citit-c
1254 355 1316 381 den
1336 361 1405 381 eom
1433 353 1473 381 K.
1500 352 1663 380 Friedrich
1696 352 1744 380 als
1766 353 1917 381 Rebellen
1937 354 2124 390 verlelaqten

296 406 414 441 Propsc
435 407 545 434 Simon
572 414 632 434 ron
655 407 946 441 Klosterneubury.
976 406 1085 442 1461,
1113 406 1288 434 December
1303 407 1356 433 17.
1380 406 1474 440 Reyy.
1496 407 1553 433 No.
1575 404 1674 432 3914.

273 491 432 517 Alexander
451 493 637 518 miseracione
662 493 759 517 diuina
776 491 862 517 titulo
881 494 979 516 sancte
1001 491 1132 516 Susanne

207 539 389 561 sacrosancte
399 537 529 562 Romane
547 537 664 562 ecclesie
679 537 820 568 presbiter
837 535 988 560 cardinalis
1003 535 1035 559 de
1046 534 1133 560 Saxo-

203 581 310 605 ferrato
333 582 473 613 cadseque
489 583 516 606 et
534 580 742 605 commissionis
763 588 794 605 ac
820 580 947 612 partibus
967 579 1132 611 infrascrip-

204 625 240 649 tis
262 632 277 649 a
298 625 364 649 sede
391 625 547 656 apostolica
574 625 653 650 index
675 626 703 648 et
725 623 939 648 commissarius
968 623 1132 656 specialiter

206 669 359 701 deputatus
375 667 521 693 uniuersis
537 671 564 693 et
579 669 702 702 singulis
725 668 846 692 dominis
863 668 1013 692 abbatibus
1032 667 1132 699 priori*

205 713 258 737 bus
272 714 424 745 prepositis
443 713 557 738 decanis
573 713 778 737 archidiaconis
796 712 952 737 scolasticis
967 712 1132 737 cantoribus

206 757 370 782 custodibus
388 757 570 782 thesaurarIis
587 757 802 782 succentoribus
818 757 947 781 sacristis
963 759 1020 780 tam
1038 756 1134 780 cathe-

206 801 326 826 dralium
342 809 425 833 quam
445 801 661 835 collegiatarum
682 801 834 831 canonicis,
853 800 1133 833 parrochialiumque

206 845 392 870 ecclesiarum
411 845 570 870 rectoribus
587 853 636 869 seu
652 845 880 870 locatenentibus
894 845 1057 869 eorumdem
1074 845 1132 876 ple-

204 888 286 913 banis
312 888 502 921 viceplebanis
522 890 678 922 capellanis
705 890 811 914 curatis
832 891 860 914 et
881 897 939 913 non
961 889 1066 913 curatis
1092 888 1132 912 ri-

208 933 289 957 cariis
311 934 457 966 p··rpetuis
482 935 615 958 altaristis
641 934 799 966 ceterisque
827 933 991 965 presbiteris
1021 932 1132 957 clericis

206 977 324 1002 notariis
349 980 376 1001 et
397 978 596 1003 tabellionibus
618 978 738 1010 publicis
762 978 978 1010 quibuscunque
999 985 1051 1009 per
1066 977 1133 1000 ciui-

206 1024 294 1046 tatem
319 1025 347 1046 et
372 1021 507 1046 diocesim
524 1021 727 1047 Patauiensem
750 1030 779 1046 ac
798 1022 864 1046 alias
889 1022 1007 1046 vbilibet
1026 1021 1132 1046 consti-

205 1066 275 1091 tutis
291 1068 433 1090 eteorum
451 1066 567 1090 cuilibet
579 1067 607 1090 in
623 1065 747 1091 solidum
764 1066 850 1090 acilii
868 1066 917 1092 uel
930 1066 984 1090 iliis
997 1065 1029 1090 ad
1050 1073 1133 1097 quem

205 1110 252 1134 vel
267 1110 301 1134 ad
319 1118 389 1142 quos
407 1112 556 1142 presentes
572 1113 670 1135 nostre
694 1111 775 1135 litere
791 1111 985 1141 peruenerint,
1010 1110 1133 1134 salutem

207 1153 237 1178 in
261 1154 374 1178 domino
395 1156 423 1179 et
445 1155 552 1179 nostris
586 1154 746 1179 huiusmodi
774 1154 939 1186 yniouerius
970 1153 1134 1186 apostolicis

210 1196 329 1222 firmiter
355 1198 467 1223 obedire
490 1199 637 1224 mandatis.
671 1198 820 1223 Noueritis
842 1198 916 1230 quod
941 1205 1033 1230 nuper
1056 1205 1135 1234 sane—

206 1241 331 1266 tissiinus
357 1242 385 1266 in
413 1242 528 1267 Christo
558 1245 639 1275 pater
663 1246 691 1268 et
722 1243 853 1267 dominus
878 1244 976 1267 noster
1003 1242 1134 1267 dominus

206 1284 276 1310 Pius
301 1286 397 1311 diuina
432 1287 609 1318 providentia
637 1294 711 1319 papa
735 1286 878 1311 secundus
905 1286 1045 1318 quandam
1061 1295 1136 1311 coiu-

207 1329 351 1354 missionis
377 1330 436 1354 siue
459 1331 675 1363 supplicationis
701 1331 830 1355 cedulam
856 1331 940 1355 nobis
962 1338 1013 1362 per
1041 1332 1135 1355 certos

208 1373 278 1398 dnos
300 1382 430 1398 cursores
455 1382 521 1399 suos
549 1375 708 1407 presentari
730 1376 812 1403 fecit,
842 1382 925 1405 quam
947 1382 998 1399 nos
1022 1383 1085 1399 cum
1104 1382 1136 1398 ea

209 1425 263 1449 qua
282 1417 376 1442 decuit
398 1419 561 1443 reuerentia
583 1419 744 1451 recepimus
767 1418 929 1443 huiusmodi
953 1418 1004 1442 sub
1029 1421 1136 1442 tenore.

279 1461 467 1489 „Beatissime
497 1465 579 1494 pater
606 1471 668 1487 cum
697 1463 810 1495 quidam
838 1463 946 1495 Symon
971 1463 1133 1494 prepositus

209 1506 392 1536 „monasterii
405 1506 553 1540 Neuburgi
570 1507 731 1532 claustralis
753 1507 858 1531 ordinis
876 1507 1075 1531 canonicorum
1090 1515 1134 1530 re-

209 1550 370 1583 „gularium
395 1551 484 1575 sancti
506 1550 659 1584 Augustini
686 1551 864 1576 Patauiensis
889 1551 1008 1575 diocesis
1035 1554 1062 1575 et
1088 1553 1133 1583 qui

208 1594 331 1624 „deuoto
355 1594 412 1619 filio
437 1595 597 1619 sanctitatis
622 1598 717 1620 vestre
738 1599 765 1619 et
789 1598 885 1620 sancte
902 1596 1000 1620 matris
1017 1596 1134 1620 ecclesie

208 1638 369 1663 »Friderico
395 1640 589 1663 Romanorum
619 1640 785 1673 imperatori
819 1648 931 1672 semper
955 1643 1077 1672 augusto
1106 1640 1135 1664 in

211 1683 434 1715 „temporalibus
464 1682 602 1707 subicitur
630 1686 658 1708 et
683 1684 809 1708 eiusdem
843 1684 929 1708 etiam
956 1682 1136 1708 consiliarius

209 1728 351 1757 „existens
375 1730 402 1752 et
425 1727 470 1759 qui
492 1727 526 1751 ad
550 1728 715 1753 servandam
736 1729 759 1752 ei
775 1728 858 1753 fidem
871 1728 1036 1759 juramento
1050 1728 1138 1753 fideli-

213 1771 296 1797 „tatis
319 1772 453 1796 astrictus
481 1779 573 1803 nuper
605 1772 710 1797 iniuste
741 1772 940 1797 inuadeutibus
969 1772 1137 1805 quibusdam

210 1815 406 1847 „principibus
427 1818 531 1840 statum
555 1816 683 1840 eiusdem
698 1817 874 1841 serenissimi
894 1816 998 1841 domini
1018 1818 1138 1849 impera-

210 1860 299 1884 »toris
324 1867 445 1891 eumque
468 1860 649 1885 turbantibus
670 1861 827 1885 maiestatis
856 1869 906 1885 sue
935 1861 1066 1885 hostibus
1092 1861 1137 1885 ad*

212 1903 341 1934 „heser-it
363 1905 460 1935 eisque
482 1904 608 1928 fauorem
632 1905 782 1929 consilium
808 1907 835 1929 et
857 1905 991 1929 auxilium
1007 1906 1138 1937 prestite-

210 1948 265 1978 „rit
284 1948 431 1979 multaque
449 1948 565 1973 molitus
585 1950 620 1973 sit
645 1952 745 1973 contra
769 1952 873 1973 statum
901 1949 1026 1973 eiusdem
1052 1950 1138 1982 impe⁶

212 1992 334 2021 „ratorie
349 1992 504 2017 maiestatis
525 1995 552 2016 et
570 1993 603 2017 ad
628 1996 787 2018 extremum
807 1994 924 2025 opidum
942 1993 1137 2027 Newburgen—

210 2043 260 2060 »se
286 2039 314 2060 et
341 2037 548 2061 monasterium
575 2038 717 2068 prefatum
745 2038 773 2062 in
804 2041 977 2070 potestatem
1012 2038 1137 2070 ipsorum

209 2080 355 2111 „hostium
373 2081 515 2112 posuerit,
544 2081 696 2106 manifeste
719 2082 826 2107 crimen
848 2083 905 2107 lese
928 2082 1082 2106 maiestatis
1110 2085 1137 2106 et

210 2124 385 2157 „periurium
410 2125 560 2149 incidendo
585 2134 701 2150 suorum
727 2125 874 2160 dignitatis
899 2127 999 2151 salutis
1018 2126 1137 2151 honoris

211 2170 258 2198 „et
278 2171 368 2193 status
388 2170 525 2193 inmemor
547 2169 657 2202 aliaque
677 2171 794 2195 crimina
814 2173 841 2195 et
860 2178 993 2196 excessus
1009 2171 1135 2195 commit-

213 2215 291 2244 „tere
322 2221 379 2237 non
406 2214 556 2245 expauerit
585 2214 728 2247 litigiosus
761 2222 871 2247 quoque
900 2218 927 2239 et
954 2216 1137 2240 scandalosus

213 2256 384 2287 „plurimum
408 2258 443 2282 sit
464 2258 492 2281 in
517 2258 608 2283 anime
632 2266 680 2283 sue
695 2259 854 2291 periculum
869 2259 1073 2292 dignitatisque
1088 2267 1137 2284 sue

214 2299 391 2327 „huiusmodi
415 2302 599 2333 obprobrium
625 2303 816 2335 perniciosum
843 2311 953 2335 quoque
977 2304 1137 2336 exemplum

213 2345 260 2373 >Jet
276 2344 437 2368 scandalum
455 2346 661 2376 plurimorum,
690 2355 743 2372 nec
760 2356 817 2372 non
834 2348 861 2372 in
880 2355 968 2381 graue
985 2348 1137 2380 dampnum

213 2389 260 2417 ³>et
288 2386 488 2412 detrimentum
521 2392 610 2415 status
640 2392 793 2425 imperialis
825 2399 855 2416 ac
884 2395 1037 2424 propterea
1064 2393 1138 2418 dicte

212 2431 413 2463 „prepositure
429 2433 665 2460 administrationi
685 2443 714 2460 se
729 2436 880 2460 reddiderit
896 2436 1050 2470 indignum.
1068 2436 1138 2461 Cum

213 2478 328 2501 »autem
343 2475 502 2500 beatissime
514 2479 594 2508 pater
611 2478 741 2512 dignitati
758 2480 898 2512 imperiali
910 2488 966 2504 non
985 2482 1139 2505 conueniat

214 2521 264 2550 „nt
292 2526 354 2543 cuni
386 2519 439 2543 sibi
464 2519 589 2545 subiecto
613 2522 691 2547 litem
715 2523 821 2548 babere
843 2524 966 2554 habeat,
999 2525 1061 2549 ideo
1087 2533 1137 2557 pro

214 2565 312 2594 ²,parte
337 2562 462 2587 eiusdem
492 2563 671 2595 imperatoris
698 2568 840 2592 sanctitati
870 2571 964 2592 vestre
995 2569 1137 2602 supplica-

214 2610 294 2634 Μῦν,
321 2610 353 2631 ut
372 2607 455 2631 alicui
472 2615 503 2631 ex
523 2610 766 2636 reserendissimis
784 2615 880 2636 sancte
898 2613 1026 2637 Romane
1046 2613 1136 2638 eccle-

215 2650 274 2682 „sie
300 2650 488 2676 cardinalibus
517 2655 565 2676 aut
593 2654 673 2678 alteri
706 2656 816 2686 prelato
846 2656 875 2680 in
903 2657 1030 2681 Romana
1059 2657 1135 2682 curia

1201 490 1354 521 „residenti
1371 489 1548 515 committere
1570 492 1599 514 et
1621 489 1755 514 mandare
1773 490 1930 523 dignemini
1951 493 1983 515 ut
2000 490 2125 516 instante

1200 534 1378 562 „sanctitatis
1400 536 1495 558 vestre
1517 536 1544 559 et
1569 536 1666 558 sancte
1688 534 1816 559 Romane
1840 535 1960 560 ecclesie
1989 543 2125 567 procura-

1201 582 1278 609 „tore
1302 578 1389 603 fiscali
1411 577 1519 602 dictum
1534 577 1687 611 Syruonem
1710 579 1885 611 prepositum
1905 579 1938 604 nd
1960 587 2126 611 comparen-

1201 623 1284 648 »dum
1308 630 1403 647 coram
1426 630 1455 646 se
1475 623 1503 646 in
1527 622 1602 647 dicta
1619 623 1695 647 curia
1710 623 1901 655 personaliter
1919 625 1949 648 et
1966 623 1994 647 in
2009 623 2125 656 propria

1202 675 1339 700 „persona
1362 666 1442 691 etad
1466 666 1698 699 respondendum
1731 666 1906 698 inquisitioni
1933 670 2031 692 contra
2061 675 2126 692 enm

1198 711 1249 736 nde
1269 714 1297 736 et
1313 718 1398 744 super
1414 709 1549 743 predictis
1568 713 1596 735 et
1618 710 1678 735 aliis
1700 711 1727 735 in
1747 710 1822 735 dicta
1840 711 2022 743 inquisitione
2038 711 2125 737 dedu-

1199 756 1313 787 „cendis
1332 755 1494 780 excessibus
1509 755 1673 779 criminibus
1693 758 1721 780 et
1737 755 1846 780 delictis
1863 756 1915 780 sub
1931 756 2125 782 excommuni-

1198 800 1336 825 »cationis
1358 808 1389 824 ac
1404 800 1601 824 conuictorum
1618 799 1768 823 criminum
1785 800 1981 832 predictorum
1995 808 2048 825 nec
2065 807 2124 825 non

1199 844 1384 878 „priuationis
1408 847 1436 868 et
1464 844 1616 868 amotionis
1638 843 1787 877 regiminis
1817 846 1846 869 et
1869 844 2124 869 administrationis

1200 889 1285 919 „dicti
1311 888 1476 913 monasterii
1502 888 1582 920 penis
1611 891 1638 912 et
1663 895 1730 919 quas
1759 888 1888 913 incurrat
1909 889 1970 921 ipso
1996 889 2073 913 facto
2098 888 2127 913 in

1201 934 1346 958 »Romana
1370 933 1447 957 curia
1471 935 1499 957 et
1518 935 1596 957 extra
1611 940 1675 957 eam
1692 932 1761 956 citet
1782 940 1814 957 ac
1833 933 1915 957 citari
1935 933 2020 958 faciat
2041 935 2127 965 atque

1200 977 1331 1009 „mandet
1353 985 1416 1001 cum
1442 979 1582 1009 potestate
1608 977 1635 1001 ln
1663 979 1801 1001 euentum
1826 985 1886 1002 non
1910 977 2126 1010 comparitionis

1202 1023 1324 1052 „dictum
1341 1020 1497 1054 Symonem
1520 1021 1683 1045 huiusmodi
1705 1029 1795 1053 penas
1813 1021 1946 1046 incidisse
1960 1021 2126 1046 declarandi

1201 1074 1250 1097 „ac
1273 1068 1304 1090 nt
1330 1066 1605 1090 excommunicatum
1630 1067 1658 1089 et
1674 1055 1825 1090 criminum
1846 1065 1905 1091 lese
1925 1065 2081 1091 maiestatis
2097 1067 2126 1090 et

1202 1111 1332 1144 „periurii
1353 1110 1536 1135 criminosum
1554 1112 1582 1134 et
1597 1110 1731 1134 irrititum
1747 1110 1951 1135 denuncciandi
1975 1117 2005 1134 ac
2023 1111 2125 1135 contra

1201 1163 1283 1185 „eum
1306 1154 1328 1179 si
1353 1161 1423 1186 opus
1445 1154 1531 1179 fuerit
1555 1154 1588 1178 de
1614 1156 1743 1190 ethsuper
1763 1153 1898 1186 predictis
1915 1157 1944 1179 et
1957 1153 2020 1178 aliis
2038 1153 2125 1178 dedu-

1202 1199 1314 1230 „vendis
1345 1198 1511 1223 criminibus
1543 1198 1695 1222 summarie
1726 1197 1894 1230 simpliciter
1924 1201 1953 1223 et
1981 1198 2014 1222 de
2039 1197 2126 1229 plano

1202 1244 1325 1275 „absque
1351 1243 1472 1274 strepitu
1493 1244 1522 1266 et
1544 1242 1638 1276 figura
1660 1242 1751 1267 iudicii
1775 1242 1947 1274 procedendi
1975 1244 2003 1266 et
2028 1242 2123 1274 ipsum

1202 1286 1354 1320 „puniendi
1372 1286 1528 1311 secundum
1543 1286 1717 1320 exigentiam
1734 1287 1885 1311 eriminum
1902 1288 1931 1311 et
1955 1286 2127 1311 delictorum

1202 1334 1305 1364 »prout
1330 1331 1399 1355 alias
1421 1330 1454 1354 de
1480 1331 1542 1355 iure
1569 1331 1656 1356 suerit
1683 1330 1861 1361 faciendum,
1896 1330 1925 1354 in
1950 1328 2128 1355 contrarium

1202 1375 1392 1400 »facientibus
1405 1382 1463 1399 non
1481 1375 1661 1399 obstantibus
1676 1375 1922 1408 quibuscunque,”
1940 1375 1970 1400 in
1985 1375 2043 1400 fine
2058 1381 2126 1399 vero

1203 1420 1277 1444 dicte
1308 1419 1517 1443 commissionis
1556 1419 1617 1443 siue
1646 1419 1860 1451 supplicationis
1895 1419 1995 1444 cedule
2022 1419 2128 1452 scripta

1204 1466 1286 1489 erant
1300 1463 1334 1488 de
1352 1463 1467 1487 alterius
1486 1471 1587 1488 manus
1612 1463 1694 1488 litera
1715 1464 1853 1495 superiori
1871 1463 1954 1488 litere
1971 1463 2060 1496 ipsius
2082 1470 2128 1488 ce-

1203 1508 1268 1533 dule
1289 1508 1405 1540 penitus
1430 1509 1457 1532 et
1481 1507 1595 1532 omnino
1619 1508 1747 1532 dissimili
1769 1515 1800 1532 ac
1825 1507 1938 1532 diuersa
1961 1507 2014 1532 hec
2039 1507 2129 1532 verba

1203 1551 1344 1577 videlicet.
1373 1551 1430 1582 „De
1454 1551 1588 1576 mandato
1607 1551 1711 1576 domini
1737 1552 1829 1576 nostri
1846 1558 1918 1584 pape
1937 1551 2035 1576 audiat
2047 1558 2129 1576 reue-

1204 1596 1407 1627 „rendissimus
1431 1598 1514 1628 pater
1533 1596 1665 1620 dominns
1687 1595 1839 1621 cardinalis
1870 1598 1967 1620 sancte
1997 1594 2129 1620 Susanne

1204 1644 1249 1672 „et
1274 1641 1399 1665 instante
1420 1643 1607 1672 procuratore
1631 1640 1722 1665 fiscali
1747 1641 1815 1665 citet
1845 1639 1880 1664 ad
1900 1639 2130 1672 *comparendum

1203 1685 1306 1716 „etiam
1328 1685 1519 1717 personaliter
1542 1687 1571 1708 et
1593 1684 1645 1709 sub
1671 1685 1751 1717 penis
1782 1688 1814 1709 ut
1840 1684 2017 1717 premittitur
2043 1685 2072 1708 et
2099 1683 2128 1708 in

1202 1732 1357 1763 „euentum
1379 1728 1504 1754 declaret
1526 1728 1698 1754 denuncciet
1720 1732 1748 1754 et
1768 1729 1870 1762 puniat
1893 1732 1926 1754 ut
1949 1729 2074 1762 petitur”
2098 1728 2129 1753 in

1203 1775 1378 1799 extremitate
1412 1781 1479 1798 vero
1511 1773 1639 1798 eiusdem
1670 1773 1878 1798 commissionis
1906 1773 1989 1798 litera
2023 1773 2128 1805 scripta

1202 1821 1283 1843 erant
1306 1819 1338 1842 de
1368 1825 1454 1843 manu
1477 1818 1712 1842 reuerendissimi
1729 1818 1834 1842 domini
1859 1817 2010 1843 cardinalis
2027 1816 2128 1850 Spole-

1202 1863 1260 1887 tani
1276 1862 1328 1886 bec
1349 1862 1433 1886 verba
1452 1862 1569 1888 scilicet.
1595 1861 1711 1892 „Placet
1733 1862 1846 1887 domino
1868 1864 1966 1887 nostro
1982 1860 2126 1886 Berardus

1202 1906 1374 1937 „cardinalIs
1392 1906 1566 1938 Spoletauus
1579 1907 1594 1921 ‘³

1272 1950 1343 1975 Post
1364 1950 1443 1974 cuius
1465 1950 1577 1982 quidem
1599 1950 1806 1975 commissionis
1826 1950 1886 1975 sine
1908 1948 2126 1983 supplicationis

1203 1995 1302 2020 cedule
1329 1995 1571 2027 presentationem
1598 1998 1628 2021 et
1648 1995 1841 2028 receptionem
1860 1994 1940 2019 nobis
1963 1996 1991 2018 et
2006 2000 2058 2026 per
2074 2000 2126 2018 nos

1202 2042 1235 2064 ut
1259 2039 1438 2072 premittitur
1460 2039 1548 2064 factas
1572 2039 1678 2064 suimus
1701 2047 1752 2072 per
1781 2037 1930 2072 prouidum
1953 2038 2046 2062 virum
2066 2044 2127 2061 ma-

1204 2083 1328 2117 gistrum
1343 2082 1496 2107 Antonium
1520 2083 1554 2108 de
1569 2083 1707 2117 Ewgubio
1728 2083 1832 2116 prefati
1847 2081 2018 2107 sanctissimi
2039 2080 2128 2106 domi—

1203 2129 1232 2152 ni
1252 2127 1343 2152 nostri
1362 2135 1434 2160 pape
1456 2136 1487 2152 ac
1508 2128 1594 2160 ipsius
1612 2135 1722 2153 camere
1738 2126 1892 2160 apostolice
1910 2128 2128 2159 procuratorem

1203 2172 1327 2197 fiscalem
1349 2171 1536 2204 principalem
1559 2172 1719 2197 huiusmodi
1745 2179 1859 2196 causam
1881 2170 2051 2203 priuationis
2075 2177 2126 2194 sno

1205 2224 1236 2240 ex
1260 2215 1353 2240 officio
1380 2219 1603 2248 prosequentem
1628 2216 1720 2241 debita
1747 2223 1811 2240 cum
1834 2215 1970 2240 instantia
1985 2213 2125 2247 requisiti,

1205 2263 1346 2293 quatenus
1374 2260 1426 2285 sibi
1461 2260 1625 2285 citationem
1659 2260 1839 2293 personalem
1863 2263 1942 2284 extra
1966 2259 2126 2284 Romanam

1205 2305 1311 2329 curiam
1328 2308 1355 2329 et
1374 2305 1406 2329 ad
1425 2307 1520 2337 partes
1540 2308 1640 2330 contra
1655 2306 1682 2329 et
1703 2304 1841 2329 aduersus
1858 2303 2008 2338 quemdam
2025 2302 2125 2335 Symo-

1204 2357 1269 2373 nem
1290 2349 1466 2381 prepositum
1488 2348 1652 2374 monasterii
1670 2348 1819 2383 Neuburgi
1846 2347 2004 2372 claustralis
2020 2346 2126 2372 ordinis

1205 2393 1408 2418 canonicorum
1437 2393 1614 2427 regularium
1645 2395 1735 2417 sancti
1768 2392 1922 2426 Augustini
1946 2390 2126 2416 Patauiensffs

1205 2436 1326 2462 dificesis
1345 2446 1376 2462 ex
1396 2437 1514 2463 aduerso
1532 2437 1715 2469 principalem
1739 2437 1767 2461 in
1788 2437 1859 2461 dicta
1876 2436 2076 2461 commissione
2093 2443 2127 2460 ex

1205 2482 1326 2507 aduerso
1351 2481 1547 2515 principaliter
1565 2481 1744 2505 nominatum
1763 2488 1918 2514 omnesque
1941 2481 2009 2514 alios
2024 2482 2053 2505 et
2070 2480 2125 2505 sin-

1204 2526 1287 2559 gulos
1310 2533 1359 2550 sua
1390 2525 1579 2550 communiter
1602 2525 1646 2550 vel
1664 2525 1775 2550 divisim
1791 2525 1928 2550 interesse
1945 2527 2080 2557 putantes
2096 2526 2126 2548 et

1202 2571 1231 2594 in
1255 2570 1420 2594 executione
1444 2569 1587 2594 citationis
1611 2569 1772 2594 huiusmodi
1799 2569 1986 2594 nominandos
2004 2567 2082 2593 iuxta
2096 2570 2126 2593 et

1202 2614 1359 2638 secundum
1379 2614 1537 2646 preinserte
1564 2613 1645 2638 nobis
1670 2614 1744 2638 facte
1768 2616 1794 2638 et
1811 2616 1972 2645 presentate
1992 2612 2123 2638 commis-

1202 2658 1289 2683 sionis
1316 2659 1371 2683 xim
1394 2658 1514 2683 sormam
1540 2660 1567 2682 et
1592 2660 1722 2683 tenorem
1748 2658 1776 2682 in
1796 2658 1887 2682 forma
1910 2657 1992 2682 solita
2014 2658 2042 2681 et
2055 2662 2122 2680 con-
