2209 2858
184 138 299 171 xvul

587 126 797 184 Anhang.
828 126 892 170 Κ.
925 125 1175 172 Friedrich
1205 125 1296 170 IV.
1328 136 1447 179 1442,
1471 137 1566 182 Juny
1593 139 1652 171 21.

176 277 270 307 „vobis
291 278 434 310 cooperari
460 277 615 302 ministerio
639 278 814 303 tenebuntur
842 281 870 303 et
888 277 1090 303 nichilominus

175 322 222 350 „ad
248 322 409 346 mandatum
434 324 559 346 vestrum
588 330 682 346 coram
711 323 771 347 aliis
801 324 908 347 mensis
931 323 1090 355 principum

176 373 335 397 „procerum
352 368 379 388 ct
395 365 572 390 familiarium
589 366 652 390 aule
669 369 765 390 nostre
789 367 816 390 in
837 366 892 397 hijs
908 374 962 398 que
976 367 1009 391 ad
1027 366 1090 390 offi-

172 409 259 437 Ἠιτίιιιιι
275 409 470 433 elemosinario
490 409 634 440 pertinent
652 410 761 434 assidue
785 410 955 435 ministrare.
977 410 1089 441 Quibus

173 453 271 480 „ctiam
294 452 325 476 de
348 453 475 485 expensis
499 456 525 478 et
551 454 717 478 necessariis
739 454 800 477 aliis
825 462 839 478 a
860 455 936 478 curia
951 454 1088 485 imperiali

172 496 335 524 „statuimus
355 497 505 528 provideri,
523 500 605 529 teque
621 497 733 522 eosdem
752 505 931 522 successores
949 500 1012 522 tuos
1028 498 1089 522 ubi-

172 547 238 571 „que
254 542 392 564 terrarum
408 544 490 571 atque
505 541 630 565 locorum
647 542 784 565 vnivcrsis
802 541 960 575 privilegiis
975 542 1089 566 liberta-

170 584 259 612 „tibus
277 582 503 608 iunuunitatilms
526 584 633 615 juribus
652 585 754 619 graciis
776 585 931 610 honoribus
952 588 980 610 et
996 585 1088 610 indul-

168 628 218 655 vtis
236 627 335 659 quibus
353 628 437 652 ceteri
457 629 518 652 aule
542 628 694 661 imperialis
718 629 854 653 oss'iciales
873 629 1020 655 domestici
1039 638 1088 663 po-

167 672 294 700 „fiuntur
324 672 362 696 uti
387 672 561 696 decernimus
585 673 732 704 perpetuis
765 674 940 706 temporibus
968 677 996 699 et
1020 682 1088 708 gau-

171 716 248 743 „dere
267 716 378 740 inclitos
396 724 572 741 successores
596 720 711 741 nostros
729 726 800 749 quos
822 721 894 742 nutu
912 717 1006 742 divino
1022 720 1088 750 post

167 763 312 788 ,ψιυεινυιιι
331 761 363 784 ab
382 760 433 784 hac
449 760 510 784 luce
527 760 675 785 transitum
693 761 743 786 deo
761 762 911 786 miserante
934 762 1042 787 felicem
1058 763 1086 787 in

168 804 321 835 „imperiali
338 805 395 828 sive
414 804 492 837 regio
509 805 701 830 Romanorum
718 806 840 830 culmine
859 806 981 831 residere
997 806 1086 831 conti<

168 847 255 877 „gerit
274 848 411 872 attentius
430 849 612 873 observantes
637 851 669 873 ut
693 849 721 873 in
744 850 888 882 premissis
909 850 1038 875 omnibus
1057 852 1084 875 te

168 894 208 919 »οἱ
229 891 317 915 dictos
335 895 398 916 tuos
416 900 594 917 successores
614 894 658 924 pie
675 894 812 925 recipiant
828 896 856 918 et
875 897 1024 928 gratanter
1039 894 1085 919 ad*

166 935 293 965 „mittant
315 943 346 959 ac
368 939 568 960 manuteneant
585 937 700 961 foveant
720 939 912 962 favorabiliter
929 941 956 963 et
972 946 1085 963 conser-

165 983 256 1007 „rent
273 978 391 1011 Signum
402 980 572 1004 serenissimi
584 981 718 1014 principis
730 985 757 1007 et
767 982 869 1006 domini
881 982 977 1007 Karoli
990 982 1083 1014 quarti

167 1023 374 1051 „Romanorum
398 1024 575 1056 imperatoris
596 1026 772 1051 invictissimi
790 1026 987 1060 gloriosissimi
1012 1026 1084 1052 Boe-

171 1068 237 1095 „mie
259 1068 359 1099 regis.‘¹

233 1111 350 1141 „Testes
371 1111 453 1136 huius
472 1113 511 1136 rei
529 1116 593 1138 sunt
611 1113 780 1138 venerabilis
792 1114 927 1139 Gerlacus
939 1114 1085 1148 Magunti-

164 1156 276 1185 „nensis
292 1156 410 1180 ecclesie
429 1157 660 1189 archiepiscopus
682 1159 754 1182 sacri
776 1158 953 1191 imperiiper
971 1158 1086 1183 Germa-

165 1200 254 1227 „niam
272 1200 537 1225 archicancellarius
562 1205 590 1226 et
613 1202 739 1226 illustres
756 1202 943 1228 NVenceslaus
962 1201 1084 1228 Saxonie

164 1243 541 1278 „BolkoFalkenbergensis
556 1245 646 1270 Bolko
666 1245 831 1279 Opuliensis
847 1246 992 1271 Conradus
1003 1246 1085 1271 Oles<

165 1287 302 1315 „nicensis
318 1287 463 1313 Johannes
475 1288 582 1321 Opavie
600 1293 627 1315 et
642 1289 842 1322 l'rzemyslaus
858 1289 1084 1315 Tesschinensis

167 1332 274 1362 „duces
291 1331 459 1364 spectabiles
475 1332 677 1358 Burckhardus
695 1336 723 1358 et
737 1334 884 1359 Johannes
900 1334 932 1358 de
947 1335 1021 1359 Recz
1040 1343 1085 1359 co<

1158 277 1258 309 „mites
1277 282 1305 303 et
1326 279 1371 303 alii
1390 286 1472 310 quam
1491 279 1588 310 plures
1606 281 1697 305 nostri
1719 283 1747 306 et
1762 281 1873 315 imperii
1890 283 1962 308 sacri
1977 283 2080 315 prinei-

1158 330 1224 355 „pes
1246 323 1356 347 nobiles
1383 326 1409 347 et
1425 322 1536 353 fideles,
1556 324 1733 354 presentium
1754 327 1804 350 sub
1823 327 1976 360 imperialis
1994 327 2079 352 maie—

1158 367 1256 396 „statis
1276 370 1373 391 nostre
1394 366 1489 400 sigillo
1511 367 1674 391 testimonio
1694 367 1866 395 literarum.»

1227 410 1346 440 „Datum
1368 410 1517 444 Maguntic
1543 418 1617 435 anno
1641 411 1746 436 domini
1769 414 1920 440 millesimo
1943 415 2080 440 tricente-

1156 454 1243 484 „simo
1259 455 1491 488 quinquagesimo
1510 455 1630 486 septimo
1650 455 1802 482 indictione
1823 458 1932 483 decima
1949 458 2010 484 vn,
2025 458 2077 483 ka-

1155 498 1269 528 „tendas
1286 497 1386 523 Marcii
1403 506 1559 531 regnorum
1574 501 1739 525 nostrorum
1762 508 1837 526 anno
1853 502 2002 527 undecimo
2026 502 2077 527 im-

1154 542 1240 574 „perii
1262 550 1328 567 vero
1350 542 1499 567 secuudo.''

1224 585 1282 610 Nos
1304 586 1397 618 itaque
1415 586 1622 618 supplicatione
1640 588 1742 620 prefati
1764 589 1858 613 fratris
1877 590 2012 622 prepositi
2028 589 2076 614 be—

1152 629 1269 663 nignius
1285 630 1411 655 inclinati
1427 631 1663 663 attendentesque
1674 632 1748 664 quod
1764 633 1837 657 iusta
1846 633 2008 665 petentibus
2017 641 2076 658 non

1154 674 1189 698 sit
1205 674 1390 707 denegandus
1406 682 1540 699 assensus
1557 674 1650 699 animo
1666 675 1817 701 deliberato
1835 684 1959 708 sanoque
1974 685 2077 710 proce-

1151 725 1214 742 rum
1230 720 1257 742 et
1273 717 1399 742 fidelium
1417 722 1580 743 nostrorum
1595 719 1745 744 accedente
1761 720 1880 745 consilio
1903 722 1931 745 et
1946 728 1979 745 ex
1996 724 2074 746 certa

1154 762 1271 786 scientia
1291 762 1432 794 prefatum
1457 762 1637 795 privilegium
1655 763 1683 788 in
1707 764 1836 789 omnibus
1858 764 1916 789 suis
1939 764 2075 790 clausulis

1152 806 1264 838 punctis
1282 809 1310 830 et
1325 806 1451 830 articulis
1471 807 1690 838 approbavimus
1708 807 1909 834 ratificavimus
1927 811 1956 833 et
1973 809 2075 834 conflr-

1153 850 1290 874 mavimus
1313 850 1502 882 approbamus
1527 850 1698 875 ratificamus
1729 854 1757 876 et
1777 854 1876 877 tenore
1899 853 2075 887 presentium

1153 893 1322 919 auctoritate
1334 893 1462 918 Romana
1480 894 1559 927 regia
1576 895 1742 927 generosius
1760 895 1961 921 confirmamus
1979 896 2076 921 decer-

1151 940 1253 963 nentes
1272 945 1403 969 expresse
1420 937 1512 970 ipsum
1533 937 1715 972 privilegium
1738 947 1769 965 ex
1792 948 1868 965 nunc
1891 943 1919 965 et
1943 940 1971 965 in
1993 942 2076 966 antea

1148 986 1315 1015 perpetuam
1330 981 1438 1006 roboris
1447 981 1574 1006 obtinere
1585 982 1754 1008 firmitatem.
1772 982 1850 1008 Nulli
1867 991 1936 1017 ergo
1953 985 2070 1009 omnino

1151 1026 1297 1051 hominum
1321 1026 1405 1050 liceat
1425 1025 1496 1050 hanc
1519 1029 1617 1051 nostre
1637 1028 1849 1060 approbationIS
1874 1028 2072 1053 ratificationis

1152 1074 1179 1095 et
1198 1070 1421 1094 confirmationis
1435 1070 1569 1103 paginam
1585 1070 1742 1105 infringere
1765 1074 1814 1096 aut
1835 1072 1859 1096 ei
1884 1073 1984 1104 quovis
2002 1079 2074 1097 ausu

1151 1114 1302 1140 temerario
1323 1114 1480 1138 contraire.
1501 1112 1529 1137 Si
1554 1115 1616 1146 quis
1641 1110 1734 1140 autem
1756 1115 1810 1140 hoc
1828 1118 1999 1148 attemptare
2012 1123 2076 1149 pre—

1152 1159 1305 1190 sumpserit
1320 1157 1548 1191 indignationem
1562 1161 1687 1183 nostram
1705 1159 1902 1192 gravissimam
1918 1167 1948 1184 se
1963 1160 2075 1184 noverit

1151 1202 1340 1232 incursurum,
1364 1202 1540 1233 presentium
1557 1202 1608 1226 sub
1624 1203 1714 1227 nostri
1734 1203 1840 1237 regalis
1864 1202 1950 1238 sigilli
1967 1211 2073 1236 appen-

1152 1246 1232 1271 sione
1252 1245 1413 1270 testimonio
1434 1245 1591 1271 literarum.
1625 1270 1628 1272 .

1221 1290 1328 1314 Datum
1336 1288 1543 1314 Franckt'ordie
1558 1290 1641 1314 tertia
1658 1290 1763 1315 mensis
1771 1289 1851 1315 Junii
1862 1298 1936 1315 anno
1949 1293 2002 1317 etc.
2013 1290 2071 1322 xlij.

1881 1333 1909 1358 H
1917 1342 1931 1359 e
1939 1333 1976 1359 ch
1986 1338 2004 1360 t.

279 1490 327 1517 13.
352 1489 391 1517 K.
416 1489 600 1517 Friedrichs
623 1490 907 1526 Privilcyz'enbrief
922 1489 980 1526 fiir
1002 1492 1053 1518 dic
1075 1491 1170 1519 Stadc
1193 1489 1330 1519 Aachen.
1355 1490 1468 1525 1442,
1491 1489 1579 1525 Juny
1602 1489 1652 1517 21.
1676 1489 1769 1524 Reyq.
1791 1489 1851 1517 No.
1879 1489 1956 1518 623.

231 1563 262 1588 In
278 1565 391 1589 nomine
403 1567 498 1589 sancte
514 1567 541 1589 et
552 1565 690 1590 individue
701 1565 834 1591 trinitatis
847 1565 969 1591 feliciter
986 1574 1079 1592 amen.

162 1607 317 1632 1⁴'riderirus
335 1609 426 1632 divina
443 1610 556 1633 favente
574 1610 722 1634 clementia
733 1611 924 1635 Romanorum
942 1619 991 1635 rex
1008 1620 1080 1636 sem-

160 1660 211 1682 per
227 1655 363 1685 augustus
388 1660 418 1676 ac
435 1652 546 1677 Austrie
560 1652 643 1678 Stirie
659 1653 807 1679 Karinthie
825 1656 852 1679 et
870 1654 1001 1679 Carniole
1018 1655 1081 1686 dux,

160 1703 252 1720 comes
270 1696 375 1720 Tirolis
398 1699 449 1721 etc.
470 1696 510 1721 Ad
527 1699 690 1729 perpetuam
710 1699 750 1723 rei
768 1699 941 1723 memoriam.
959 1699 1080 1732 Regiam

162 1740 242 1764 decet
264 1740 464 1765 sublimitatem
488 1741 549 1773 paci
572 1744 600 1765 et
623 1742 709 1773 quieti
732 1743 857 1766 omnium
881 1742 1029 1768 intendere
1050 1750 1081 1767 ac

160 1791 210 1807 sua
231 1784 380 1815 unicuique
393 1784 457 1815 jura
479 1786 507 1809 in
525 1788 599 1809 statu
620 1786 709 1810 solido
727 1793 895 1811 conservare
913 1786 985 1811 vnde
1002 1787 1080 1811 sitiat

159 1827 267 1858 equitas
283 1828 388 1853 iustitIe
405 1831 433 1853 et
447 1830 527 1861 regni
546 1830 700 1854 auctoritas
714 1838 764 1854 nos
782 1830 936 1854 admonent
949 1831 1036 1862 quieti
1053 1833 1080 1855 et

158 1871 357 1904 tranquillitati
373 1871 496 1897 fidelium
514 1876 677 1898 nostrorum
701 1876 729 1898 et
741 1873 853 1904 justitie
872 1876 932 1899 toto
948 1875 1013 1899 nisu
1032 1883 1079 1899 vo-

160 1916 254 1940 lumus
272 1916 420 1948 providere
438 1920 465 1941 et
481 1925 565 1949 quum
577 1918 789 1950 Aquisgranum
807 1918 852 1942 ubi
869 1919 960 1950 primo
976 1919 1079 1955 Roma-

157 1968 257 1984 norum
274 1968 355 1993 reges
373 1961 544 1985 nunclantur
560 1964 588 1986 et
606 1965 779 1987 coronantur
800 1971 898 1987 onmes
918 1962 1078 1994 provincias

157 2006 183 2027 ct
200 2004 327 2028 civitates
343 2008 407 2036 post
427 2004 542 2029 Roman]
558 2006 703 2038 dignitatis
719 2009 746 2030 et
760 2006 875 2030 honoris
892 2006 1079 2039 prerogativa

159 2048 287 2080 precellit
303 2056 457 2081 congruum
473 2051 500 2073 et
517 2050 686 2074 rationabile
702 2051 759 2080 est,
779 2052 810 2074 ut
827 2051 954 2082 exemplo
973 2050 1078 2074 domini

158 2096 185 2116 ct
200 2093 288 2116 sancti
299 2092 393 2116 Karoli
410 2093 583 2125 aliorumque
597 2094 829 2125 predecessorum
844 2097 978 2118 nostroru
986 2102 1012 2118 m
1023 2094 1079 2118 Ro-

161 2144 305 2161 manorum
330 2138 532 2169 imperatorum
557 2140 585 2162 et
607 2145 708 2171 regum
726 2138 846 2162 eundem
868 2138 961 2162 locum
984 2141 1011 2162 et
1029 2146 1079 2163 no-

162 2184 247 2204 stram
271 2182 396 2213 regalem
421 2182 516 2206 sedem
531 2180 692 2213 Aquensem
713 2185 740 2206 et
763 2189 862 2206 omnes
884 2182 1076 2207 inhabitantes

163 2227 189 2247 ct
205 2224 236 2247 ad
254 2225 341 2256 ipsam
357 2225 483 2258 regalem
498 2226 593 2250 sedem
605 2225 750 2250 civitatem
761 2226 920 2258 Aquensem
933 2227 1078 2258 pertinen-

162 2272 204 2292 tes
220 2269 323 2300 regalis
337 2270 508 2294 defensionis
520 2271 546 2294 et
557 2273 652 2294 nostre
661 2270 809 2294 clementie
819 2269 975 2303 privilegiis
992 2269 1078 2295 liber-

159 2312 262 2336 tatibus
285 2313 477 2345 bonorumque
500 2314 738 2338 consuetudinum
760 2313 978 2339 confirmacione
999 2315 1077 2347 quasi

160 2364 237 2380 muro
255 2360 282 2380 et
298 2358 419 2381 turribus
436 2358 600 2383 muniamus.
622 2358 726 2382 Verum
744 2366 829 2390 quum
847 2359 879 2382 ab
897 2358 1021 2383 humana
1037 2359 1077 2383 sa-

159 2400 236 2423 vilius
253 2400 403 2424 elabuntur
418 2402 548 2426 memoria
563 2410 615 2433 que
633 2403 736 2434 scripto
756 2405 782 2426 et
801 2402 922 2426 testibus
939 2410 997 2427 non
1014 2410 1078 2434 per*

158 2447 327 2475 petuantur.
349 2444 487 2475 Quocirca
504 2446 592 2471 sciant
609 2446 732 2470 universi
751 2448 898 2478 presentes
923 2449 951 2471 et
968 2447 1076 2479 posteri

158 2488 230 2519 quod
255 2496 306 2512 nos
330 2488 451 2512 fidelium
478 2492 638 2513 nostrorum
667 2490 768 2514 civium
790 2489 964 2522 Aquensium
993 2489 1075 2515 iustis

163 2531 289 2563 precibus
306 2535 464 2556 annuentes
488 2541 597 2557 omnem
617 2534 750 2558 iustitiam
776 2537 803 2558 et
830 2535 989 2559 libertatem
1007 2542 1075 2567 quas

162 2576 303 2605 gloriosus
321 2576 502 2607 predecessor
519 2580 616 2601 noster
633 2579 745 2602 sauctus
757 2577 877 2603 Karolus
888 2586 1010 2612 magnus
1020 2579 1075 2604 Ro-

161 2626 307 2644 manorum
324 2620 475 2652 imperator
493 2628 603 2654 semper
620 2624 757 2654 augustus
775 2623 813 2647 cis
829 2629 878 2655 pre
887 2623 990 2649 ceteris
1000 2622 1076 2648 dedit

1149 1569 1178 1592 et
1200 1566 1293 1591 omnia
1318 1573 1371 1598 quc
1395 1565 1450 1589 divi
1477 1564 1589 1596 augusti
1612 1563 1807 1589 Romanorum
1831 1564 2018 1597 imperatores
2042 1566 2071 1589 et

1147 1618 1229 1643 reges
1253 1610 1343 1634 nostri
1366 1609 1584 1642 predecessores
1608 1607 1647 1632 eis
1671 1608 1855 1632 contulerunt
1869 1607 2071 1633 confirmamus

1149 1657 1177 1679 et
1195 1655 1258 1686 lege
1274 1654 1481 1685 imperpetuum
1499 1652 1620 1676 valitura
1638 1651 1801 1676 roboramus
1819 1651 1941 1684 scilicet,
1961 1654 1994 1677 ut
2010 1659 2069 1676 non

1149 1699 1239 1723 solum
1257 1697 1349 1722 clerici
1374 1700 1401 1721 et
1419 1697 1481 1721 laici
1497 1695 1581 1720 huius
1598 1699 1696 1720 nostre
1714 1696 1819 1728 regalis
1838 1695 1911 1720 sedis
1929 1694 2073 1728 Aquensis

1148 1742 1269 1767 civitatis
1291 1740 1424 1774 indigene
1447 1747 1546 1765 verum
1570 1740 1652 1764 etiam
1679 1747 1777 1764 omnes
1801 1739 1892 1764 incole
1915 1742 1944 1764 et
1968 1739 2075 1764 advent¹

1149 1786 1216 1810 inibi
1232 1784 1361 1810 habitare
1378 1785 1506 1809 volentes
1521 1786 1671 1816 presentes
1696 1786 1724 1808 et
1740 1782 1827 1808 futuri
1849 1782 1900 1808 sub
1914 1785 1975 1808 tuta
1997 1785 2025 1808 et
2042 1782 2077 1807 li-

1148 1831 1215 1855 bera
1231 1831 1295 1863 lege
1312 1830 1345 1854 ab
1362 1829 1436 1854 omni
1453 1827 1547 1853 servili
1564 1827 1726 1852 condicione
1744 1827 1823 1852 liberi
1840 1827 1929 1851 vitam
1945 1828 2032 1861 agant
2043 1833 2075 1851 ac

1149 1882 1246 1899 omnes
1262 1874 1368 1906 pariter
1385 1881 1417 1897 ex
1433 1873 1490 1897 avis
1507 1875 1535 1896 et
1553 1872 1643 1896 atavis
1669 1871 1703 1896 ad
1724 1871 1798 1896 hanc
1822 1871 1920 1896 sedem
1940 1870 2071 1904 regalem

1148 1918 1272 1943 civitatis
1290 1917 1413 1950 predicte
1431 1917 1608 1949 pertinentes
1631 1916 1698 1940 licet
1721 1915 1786 1940 alibi
1809 1923 1918 1939 moram
1934 1914 2073 1939 facientes

1149 1962 1181 1986 ab
1200 1962 1253 1987 hac
1275 1963 1340 1995 lege
1366 1969 1380 1985 a
1398 1961 1477 1985 nobis
1501 1963 1528 1985 et
1550 1968 1564 1984 a
1581 1960 1660 1984 nullo
1677 1966 1843 1984 successore
1866 1960 1962 1983 nostro
1978 1964 2072 1990 neque

1149 2006 1182 2031 ab
1202 2006 1295 2038 aliquo
1320 2005 1514 2029 machinatore
1540 2007 1589 2028 aut
1613 2004 1761 2028 inventore
1780 2003 1933 2036 legumque
1955 2001 2073 2027 suhver

1149 2058 1211 2075 sore
1232 2050 1429 2082 intringantur
1444 2056 1589 2080 nunquam
1604 2049 1636 2072 de
1652 2055 1738 2072 manu
1753 2047 1953 2078 imperatorum
1969 2045 2015 2070 vel
2027 2053 2072 2070 re-

1148 2103 1217 2128 gum
1232 2094 1427 2118 Romanorum
1454 2095 1500 2117 aut
1526 2091 1644 2116 alicuius
1671 2091 1762 2115 nostri
1788 2090 1964 2114 successoris
1988 2089 2072 2114 alicui

1147 2146 1269 2171 persone
1286 2135 1372 2161 nobili
1388 2137 1432 2161 rel
1451 2136 1572 2169 ignobili
1591 2137 1618 2160 in
1632 2133 1800 2159 beneficium
1821 2141 1869 2158 seu
1886 2133 1955 2158 alias
1971 2132 2072 2165 quovis

1146 2182 1228 2207 modo
1243 2181 1390 2207 tradantur
1400 2188 1452 2204 nec
1462 2181 1520 2212 ipsa
1531 2178 1630 2204 civitas
1646 2178 1750 2212 regalis
1764 2179 1861 2202 nostre
1877 2176 1949 2201 sedis
1958 2176 2071 2210 Aquen-

1147 2227 1184 2251 sis
1208 2232 1299 2258 neque
1326 2225 1401 2249 cives
1424 2224 1550 2249 eiusdem
1572 2231 1624 2248 nec
1649 2221 1753 2254 aliquid
1777 2221 1816 2246 eis
1840 2220 1964 2245 attinens
1987 2219 2072 2246 alicui

1147 2270 1295 2295 hominum
1319 2269 1432 2293 valeant
1465 2267 1596 2300 occupari
1621 2265 1741 2300 obligari
1764 2265 1902 2290 infeudari
1930 2272 1980 2290 seu
2001 2265 2071 2290 alias

1146 2313 1357 2346 quomodolibet
1375 2320 1424 2345 per
1441 2312 1593 2344 queppiam
1609 2309 1775 2344 aggravari,
1795 2317 1859 2334 suas
1881 2309 1965 2333 etiam
1983 2317 2074 2344 nego-

1146 2358 1277 2383 tiationes
1303 2360 1330 2382 et
1354 2357 1541 2381 mercationes
1566 2362 1616 2388 per
1635 2361 1717 2379 omne
1737 2353 1897 2378 Romanum
1920 2353 2071 2385 imperium

1146 2402 1179 2427 ab
1197 2401 1272 2426 omni
1289 2401 1436 2426 exactione
1461 2408 1511 2425 seu
1528 2397 1714 2430 requisitione
1739 2397 1860 2422 thelonii
1876 2396 1989 2430 pedagii
2011 2404 2072 2421 car-

1143 2446 1223 2480 ragie
1240 2445 1390 2479 vectigalis
1413 2443 1519 2477 navigii
1538 2443 1581 2467 vel
1600 2449 1776 2474 quocumque
1798 2441 1912 2465 nomine
1931 2443 2071 2466 vocentur

1144 2490 1226 2515 liberi
1244 2492 1272 2514 et
1287 2489 1320 2514 ab
1338 2489 1413 2514 omni
1431 2487 1634 2520 impedimento
1649 2486 1736 2511 libere
1753 2486 1902 2510 exerceant
1921 2487 1948 2509 et
1966 2484 2066 2509 fruan-

1144 2537 1205 2564 tur,
1222 2533 1318 2558 nullus
1338 2533 1422 2557 etiam
1444 2531 1526 2556 iudex
1551 2538 1565 2555 a
1589 2530 1671 2555 nobis
1690 2529 1736 2554 vel
1757 2529 1790 2554 ab
1807 2528 1945 2560 aliquibus
1962 2529 2070 2553 nostris

1144 2577 1354 2603 successoribus
1379 2576 1552 2601 constitutus
1586 2574 1630 2599 vel
1662 2572 1881 2598 constituendus
1904 2574 2001 2597 nostra
2022 2572 2069 2596 vel

1143 2629 1192 2648 sua
1209 2621 1375 2648 auctoritate
1404 2621 1452 2644 aut
1474 2618 1593 2644 alicuius
1618 2617 1789 2643 successoris
1812 2616 1903 2642 nostri
1924 2615 2001 2650 regis
2020 2615 2066 2640 vel
