2209 2858
178 125 243 158 CII

182 308 308 332 scheinet
325 307 443 331 alsdann
459 306 517 330 also
536 305 603 330 oder
618 306 672 335 nit,
692 305 787 330 nichts
803 305 988 337 destmynner
1004 304 1102 328 wirdet

181 352 232 376 auf
250 359 348 375 vusers
372 349 491 375 bruders
517 351 621 375 anwalt
639 349 694 374 vnd
715 349 881 374 machtbotn
905 348 1103 381 eruorderung

184 396 219 419 im
240 395 338 419 rechtn
359 395 473 419 volfarn
493 395 534 419 als
555 394 618 419 sich
637 393 711 418 nach
731 394 826 418 seiner
843 392 977 424 ordnung
997 392 1103 425 gebiirt

183 439 306 464 darnach
328 439 423 463 wisset
444 447 485 463 ew
505 447 539 463 zu
557 438 653 464 haldu.
680 438 740 462 Wir
755 437 847 470 geben
865 436 937 461 auch
959 443 1035 460 ewrn
1052 443 1102 460 an-

180 483 272 508 waldn
288 492 318 508 so
336 484 359 508 ir
377 483 496 508 schiken
511 483 618 508 werdet
634 490 668 506 zu
689 482 799 506 solhem
814 480 950 510 rechten,
969 480 1010 504 als
1028 480 1051 504 ir
1066 487 1101 504 an

180 535 230 552 vus
245 528 347 561 begert
366 528 436 552 habt
452 528 552 552 hiemit
568 535 654 551 vnser
673 526 726 551 vnd
747 526 795 550 des
818 525 894 549 richs
918 524 1024 558 geleite
1047 524 1101 549 vnd

178 572 334 596 sicherheit
348 580 383 596 zu
401 571 509 596 solhem
524 571 623 596 rechtn
641 578 676 595 an
693 577 799 594 vnsern
813 569 866 593 hof
884 577 916 593 ze
932 568 1040 593 komen
1055 568 1102 592 da—

182 272 244 288 zum
263 263 363 287 rechtn
380 262 506 286 enntlich
520 269 551 286 ze
567 264 741 289 antwurttn,
761 269 823 286 wan
839 261 862 285 ir
877 260 974 285 kamet
988 260 1045 284 vnd
1060 267 1102 284 er-

1134 503 1137 519 1

1134 583 1136 597 1

178 615 234 648 bey
255 624 289 640 zu
312 616 372 640 sein
395 616 450 640 vnd
473 615 560 640 wider
582 615 657 639 heim
673 615 734 638 bisz
758 622 794 638 an
812 613 836 637 ir
854 620 1026 646 gewarsam,
1045 612 1102 636 vnd

179 660 272 684 haben
290 659 362 684 auch
377 659 439 684 dem
457 659 679 693 hochgebornen
696 657 850 683 Albrechtn
865 656 939 682 auch
955 657 1102 690 herczogn

513 111 723 168 Anhang.
755 110 918 169 Konig
934 109 1185 154 Friedrich
1213 108 1302 152 IV.
1338 119 1455 162 1448,
1485 118 1640 154 october
1667 120 1727 154 10.

1167 267 1203 284 zu
1221 252 1388 284 Osterreich
1404 261 1456 285 etc.
1483 266 1597 284 vnserm
1617 258 1710 284 lieben
1731 259 1836 285 bruder
1855 260 2026 295 geschribn,
2051 261 2088 287 ob

1167 303 1190 328 ir
1211 303 1261 328 das
1288 303 1438 337 begeeoet,
1470 303 1521 328 daz
1550 311 1582 328 er
1601 303 1739 329 denselbn
1759 312 1854 330 ewern
1876 305 2003 330 anwaltn
2026 305 2089 331 sein

1167 347 1257 381 geleit
1282 348 1338 373 vnd
1359 346 1517 372 sicherheit
1537 347 1566 372 in
1589 347 1830 381 vorgeschribner
1851 350 1934 374 weise
1955 349 2030 375 auch
2052 357 2090 374 zu

1168 392 1302 417 schreibn
1326 392 1380 417 vnd
1408 392 1501 425 geben
1525 392 1581 423 sol,
1612 391 1739 417 darnach
1766 393 1863 418 visset
1885 402 1926 419 ew
1947 394 2089 419 zurichtn.

1168 435 1267 461 Geben
1280 436 1337 461 vnd
1351 436 1402 461 mit
1415 444 1531 461 vnserm
1546 436 1726 469 kuniglichm
1746 437 1967 471 aufgedruktem
1983 439 2089 472 insigel

1165 480 1311 515 besigeltn
1328 488 1362 505 zu
1378 481 1491 514 Wyenn
1514 488 1558 505 am
1582 480 1727 514 sambstag
1748 489 1799 505 vor
1820 482 1889 506 saud
1908 481 2090 515 Michelstag.

1167 523 1247 549 Nach
1267 524 1356 549 Crists
1378 524 1487 558 geburd
1511 524 1794 550 virczehenhundert
1820 525 1876 550 vnd
1896 526 1933 551 im
1952 526 2092 552 aehtund-

1165 568 1379 603 uierczigistem
1394 569 1449 594 vud
1466 576 1566 594 vnsers
1584 569 1659 594 richs
1679 568 1718 593 im
1737 569 1860 594 newndn
1871 569 1944 601 jare.

1596 622 1638 647 Ad
1657 622 1822 647 mandatum
1841 622 1946 648 domini
1965 623 2054 657 regis.

181 827 233 854 85.
258 826 362 860 Kiiniy
385 825 546 853 Friedrich
569 826 721 859 bestiitiqt
745 832 837 861 zwey
859 823 1010 851 inserit-te
1036 823 1335 860 Pricileyienbriefe
1357 825 1415 853 der
1438 825 1559 862 heyden
1585 823 1782 853 Gemeinaen
1802 824 1872 852 San
1893 823 2002 852 Felice
2023 824 2092 851 und

322 877 485 905 Porceoeio.
516 877 619 904 1448.
647 875 780 904 October
802 878 856 906 10.
887 878 980 911 Reyq.
1004 877 1065 905 No.
1088 877 1193 907 2498.

250 952 411 977 Fridericus
432 952 474 976 dei
496 951 588 987 gratia
603 951 798 976 Romanorum
816 959 863 976 rex
880 955 931 977 etc.
952 951 1100 977 Vniuersis
1133 953 1136 988 1

183 997 325 1021 literarum
342 996 520 1030 presentium
535 995 760 1028 inspectoribus,
780 1003 834 1027 que
851 1004 902 1028 per
918 1000 1032 1021 nostros
1053 1004 1102 1021 an-
1134 993 1135 1008 ¹

181 1044 340 1065 teccssores
363 1041 395 1065 ad
416 1040 554 1065 utilitates
578 1043 606 1064 et
629 1040 746 1064 comoda
771 1040 965 1072 subjectorum
987 1041 1102 1073 provide

182 1085 256 1110 facta
278 1086 506 1117 comperiuntur,
532 1084 653 1108 libenter
676 1085 843 1109 confirmare
863 1085 929 1109 dum
950 1093 1020 1117 opus
1041 1092 1102 1109 esse

183 1129 340 1153 dinoscitur
353 1131 381 1153 et
395 1129 538 1153 declarare
553 1128 684 1155 solemus.
701 1128 805 1153 dudum
821 1129 842 1153 si
857 1129 969 1161 quidem
979 1129 1051 1153 sieut
1059 1136 1104 1153 ac-

182 1174 306 1206 cepimus
324 1173 398 1197 clare
417 1172 552 1197 memorie
565 1171 726 1197 Fridericus
738 1173 932 1198 Romanorum
948 1174 1104 1206 imperator

182 1220 343 1244 antecessor
365 1220 478 1247 noster,
506 1215 670 1241 hominibus
691 1220 719 1241 et
738 1217 904 1241 comunitati
928 1217 960 1241 de
980 1216 1105 1242 Scauolo

181 1261 314 1286 territorii
324 1261 476 1285 Brixiensis
492 1268 576 1293 super
587 1261 647 1285 lacu
658 1260 760 1285 Benaci
774 1264 892 1293 propter
901 1261 1026 1294 ipsorum
1037 1268 1105 1294 erga

181 1306 341 1330 Romanum
357 1305 508 1338 imperium
523 1307 604 1337 grata
615 1305 743 1335 servicia,
761 1308 854 1329 certas
865 1305 1028 1329 libertatum
1041 1313 1105 1336 pro-

182 1350 312 1375 tectionis
330 1352 357 1374 et
374 1349 560 1381 exemptionis
578 1340 674 1373 literas
693 1349 835 1373 concessit
855 1350 883 1373 iu
899 1349 952 1373 hec
969 1349 1070 1373 verba:

253 1394 302 1424 „ln
316 1392 429 1418 nomine
447 1396 544 1418 sancte
567 1396 594 1417 et
613 1393 754 1417 individue
771 1393 917 1417 trinitatis.
944 1392 1105 1417 Fridericus

183 1438 294 1469 „divina
315 1438 430 1462 favente
447 1437 598 1462 clementia
612 1436 804 1461 Romanorum
824 1437 978 1469 imperator
991 1440 1018 1461 et
1034 1445 1106 1461 sem-

185 1491 251 1516 „per
266 1487 415 1517 augustus.
431 1481 472 1506 Ad
488 1482 663 1514 imperialem
679 1484 791 1514 spectat
806 1481 975 1516 dignitatem
989 1489 1047 1506 non
1061 1489 1106 1504 so-

186 1529 261 1557 „lum
283 1527 518 1560 predecessorum
541 1528 706 1550 nostrorum
729 1533 831 1559 regum
853 1528 881 1550 et
902 1526 1105 1558 imperatorum

185 1571 412 1601 „katholicorum
436 1571 481 1603 pia
506 1573 612 1595 statuta
631 1569 834 1594 inviolabiliter
854 1577 1038 1597 conservare,
1059 1577 1105 1593 ve-

186 1624 264 1646 „rum
285 1616 369 1640 etiam
386 1618 482 1639 nostre
499 1621 610 1647 quoque
629 1614 780 1647 potestatis
800 1614 972 1639 auctoritate
994 1612 1105 1638 irrefra-

186 1660 334 1693 „gabiliter
348 1667 378 1684 ea
394 1659 518 1689 munire,
538 1659 602 1683 inde
619 1658 693 1690 quod
708 1658 839 1682 omnibus
853 1657 958 1682 Christi
974 1660 1001 1681 et
1017 1656 1105 1690 impe-

186 1705 236 1735 „rii
260 1704 389 1729 fidelibus
414 1707 472 1728 tam
495 1703 598 1727 futuris
619 1710 703 1734 quam
724 1702 905 1734 presentibus
927 1705 1026 1725 notum
1043 1709 1105 1726 esse

187 1750 350 1779 „x‹»1u111us‚
370 1748 491 1779 qualiter
506 1755 556 1771 nos
574 1747 771 1777 concedentes,
791 1746 922 1770 homines
939 1746 1042 1770 liberos
1057 1746 1106 1770 ha-

186 1794 322 1824 „bitantes
338 1793 367 1817 in
382 1791 512 1822 Scovolo,
533 1799 619 1823 super
633 1791 725 1815 lacum
740 1790 900 1821 Benacum,
922 1791 950 1814 in
964 1790 1106 1815 territorio

188 1837 338 1869 „Brixiano
357 1845 420 1861 cum
438 1836 572 1860 uxoribus
589 1837 617 1859 et
633 1835 698 1859 filiis
722 1842 754 1859 ac
769 1834 882 1859 filiabus
906 1841 1004 1858 eorum
1019 1834 1106 1858 servis

188 1885 233 1912 „et
249 1881 357 1906 ancillis
375 1880 514 1906 omnibns.
536 1883 562 1904 et
580 1879 802 1911 proprietatibus
818 1880 846 1903 et
861 1878 1029 1903 substantiis
1045 1878 1106 1902 illo-

188 1934 265 1955 „rum
284 1925 435 1949 mobilibus
452 1927 477 1948 et
490 1923 680 1948 immobilibus
690 1921 872 1955 presentibus
892 1925 919 1946 et
936 1922 1038 1946 suturis
1055 1930 1106 1954 pro

188 1970 304 2001 „majori
323 1969 474 1993 securitate
495 1969 545 1993 sub
569 1970 667 1992 nostre
685 1967 839 2000 imperialis
858 1966 1009 1999 potestatis
1026 1974 1107 1990 mun-

189 2014 365 2043 „diburdium
382 2022 413 2038 ex
433 2013 543 2046 integro
558 2013 767 2045 imperpetuum
786 2011 959 2044 recepimus,
979 2011 1109 2035 videlicet

191 2058 339 2085 „Alhertus
357 2058 493 2082 Viuianus
513 2056 608 2081 Al'neri
627 2057 812 2089 Raymundus
836 2059 864 2080 et
880 2063 930 2089 pro
952 2055 1053 2079 ceteris
1075 2055 1108 2079 de

193 2102 330 2130 „Scau-»10
346 2111 422 2126 nunc
434 2105 460 2126 et
472 2102 499 2126 in
512 2102 638 2126 futurum
653 2100 862 2130 habitantibus,
884 2102 912 2124 et
926 2107 977 2132 pro
992 2100 1108 2124 salutari

189 2147 327 2175 „remedio
342 2150 554 2170 antecessorum
566 2148 728 2169 nostrorum
744 2152 844 2177 regum
860 2146 888 2168 et
904 2144 1109 2176 imperatorum

190 2198 317 2219 „omnem
341 2191 462 2224 gratiam
488 2190 516 2214 in
534 2189 692 2223 privilegiis
710 2197 809 2213 eorum
832 2196 884 2220 que
907 2196 957 2221 pre
978 2188 1108 2212 manibus

192 2233 363 2265 „halieliant‚
383 2235 433 2259 sibi
455 2242 619 2258 concessam
641 2234 816 2257 auctoritatis
840 2236 936 2257 nostre
956 2232 1108 2265 privilegio

193 2282 234 2307 „et
260 2279 352 2311 sigillo
378 2279 513 2311 imperiali
537 2278 784 2307 conssr1uavimuS‚
812 2277 983 2310 precipimus
1006 2276 1109 2307 itaque,

193 2325 238 2350 „ut
260 2323 336 2346 nulla
358 2323 471 2352 civitas,
497 2323 595 2347 nullus
618 2322 770 2355 episcopus
789 2323 843 2346 dux
866 2321 991 2346 marchio
1014 2328 1109 2345 comes

192 2365 329 2393 „decanus
354 2374 402 2390 scu
425 2367 516 2399 aliqua
542 2374 644 2400 magna
664 2374 807 2399 parvaque
828 2373 968 2398 persona,
996 2365 1110 2389 eosdem

192 2409 337 2439 >homiues
361 2410 388 2434 in
408 2411 603 2442 prenominato
626 2411 687 2435 loco
711 2410 873 2435 habitantes
896 2417 947 2434 nec
972 2412 1110 2441 perpetuo

192 2455 394 2487 „distringor-c,
428 2455 578 2486 pignorare
605 2455 651 2480 vel
676 2454 863 2487 calumpniari
890 2456 1052 2486 presumat,
1083 2457 1110 2477 et

193 2499 303 2528 „nullus
326 2498 494 2530 poti-<tatiu-
514 2499 540 2522 in
558 2506 654 2522 corum
676 2499 870 2523 mansionibus
893 2498 1002 2532 ingredi
1021 2500 1110 2529 temp-

194 2546 263 2571 „tc-t,
286 2550 423 2572 ncmoquc
442 2542 502 2565 ilios
522 2542 554 2565 de
573 2550 669 2566 corum
693 2543 915 2574 proprietatibus
935 2542 1040 2574 absque
1059 2542 1108 2565 im-

192 2587 307 2618 ,‚periali
328 2586 436 2616 judicio
461 2586 559 2609 audeat
585 2586 733 2616 dimsfiro,
760 2587 908 2618 ripaticum
933 2586 1110 2615 theloneum,

192 2630 381 2659 „hostaticum
405 2633 451 2653 aut
474 2630 596 2661 aliquam
619 2630 759 2661 publicam
777 2630 927 2654 factionem
951 2631 983 2654 ab
1005 2631 1044 2655 eis
1061 2631 1106 2655 ali-

1167 952 1296 985 „quando
1319 953 1414 987 exigat
1436 955 1465 977 et.
1484 953 1569 978 liceat
1585 953 1640 978 illis
1656 962 1720 978 cum
1735 960 1833 978 eorum
1850 951 2010 977 substantia
2029 959 2090 977 mo-

1167 996 1233 1027 „bili
1255 997 1299 1021 vel
1324 997 1460 1022 immobili
1479 997 1616 1029 acquisita
1639 998 1685 1022 vel
1708 996 1894 1029 acquirenda,
1921 996 1974 1021 sub
1994 998 2093 1021 nostre

1168 1032 1360 1070 „defensionis
1384 1042 1593 1066 mundabordio
1615 1042 1709 1074 quiete
1731 1041 1834 1066 vivere.
1870 1041 1900 1066 Si
1923 1041 1984 1073 quis
2004 1040 2096 1075 igitur

1169 1085 1260 1116 „quod
1281 1086 1355 1110 absit
1372 1086 1457 1118 hujus
1479 1087 1570 1111 nostri
1590 1087 1717 1118 precepti
1735 1085 1856 1110 violator
1876 1085 2001 1110 extiterit
2018 1093 2095 1109 com-

1170 1133 1276 1161 „ponat
1292 1130 1350 1154 auri
1367 1131 1511 1162 purissimi
1525 1131 1620 1155 vncias
1636 1133 1760 1162 centum,
1780 1130 1964 1154 medietatem
1981 1136 2096 1155 camere

1170 1177 1285 1206 „nostre
1308 1177 1336 1198 et
1355 1175 1487 1206 injuriam
1506 1175 1596 1207 passis
1620 1175 1753 1204 alteram,
1774 1174 1848 1206 quod
1867 1175 1900 1198 ut
1920 1173 2017 1198 verius
2034 1180 2095 1198 cre-

1171 1218 1271 1247 „datur
1293 1218 1517 1252 diligentiusque
1534 1219 1568 1243 ab
1591 1218 1723 1243 omnibus
1740 1219 1908 1243 observetur
1927 1225 2014 1242 mann
2028 1225 2095 1250 pro-

1172 1263 1249 1294 ¹„pria
1266 1267 1432 1295 presentem
1445 1263 1578 1296 paginam
1596 1262 1758 1293 firmantes,
1779 1261 1873 1296 sigillo
1890 1266 1990 1287 nostro
2005 1261 2096 1295 insig-

1172 1306 1243 1336 „niri
1257 1307 1406 1339 Jussimus.
1425 1306 1546 1341 Signum
1565 1307 1670 1331 domini
1682 1306 1818 1331 Friderici
1831 1306 2028 1330 Romanorum
2044 1306 2095 1329 im-

1172 1351 1327 1382 „peratoris
1345 1351 1533 1376 invictissimi.
1553 1351 1615 1385 Ego
1630 1350 1798 1384 Raynaldus
1810 1349 1988 1374 Coloniensis
2005 1349 2096 1374 eccle-

1172 1396 1228 1425 „sie
1246 1396 1370 1426 electus,
1392 1398 1420 1420 et
1436 1394 1701 1420 archicancellarius
1721 1394 1886 1428 recognovi.
1907 1394 1980 1418 Data
1998 1393 2096 1426 quinto

1172 1440 1250 1469 „idus
1275 1439 1343 1464 Julii
1371 1440 1447 1464 iuxta
1465 1439 1609 1464 Veronam
1631 1447 1705 1464 anno
1729 1439 1867 1463 dominice
1891 1437 2096 1463 incarnationis

1172 1492 1225 1514 ‚,m.
1236 1493 1257 1508 c.
1274 1483 1322 1514 lvj.
1340 1484 1373 1509 ad
1390 1484 1543 1509 indictione
1563 1486 1662 1515 quarta
1679 1490 1753 1507 anuo
1769 1483 1874 1507 domini
1889 1481 2025 1507 Friderici
2040 1482 2096 1506 Ro-

1173 1537 1339 1558 „manorum
1362 1526 1542 1561 imperatoris
1571 1527 1654 1561 regni
1682 1529 1783 1559 quarto
1806 1526 1916 1559 imperii
1941 1533 2009 1551 vero
2031 1526 2093 1551 eius

1172 1573 1295 1606 „pi-imo,
1316 1573 1345 1597 in
1362 1572 1489 1606 generali
1508 1574 1653 1596 conventu
1668 1571 1865 1604 episcoporum
1879 1572 2095 1602 ceterorumque

1173 1617 1377 1649 „prin‹:ipu=n.”

1242 1660 1364 1685 Easdem
1387 1660 1482 1685 literas
1505 1667 1595 1692 nepos
1616 1658 1677 1683 eius
1704 1661 1733 1683 et
1754 1658 1783 1683 in
1806 1658 1926 1691 imperio
1947 1664 2096 1682 successor

1172 1705 1335 1729 Fridericus
1353 1704 1495 1729 secundus
1511 1702 1693 1728 confirmavit
1707 1704 1736 1727 et
1752 1702 1913 1733 roboravit,
1934 1701 2096 1726 huiusmodi

1173 1750 1223 1774 sub
1244 1752 1359 1774 tenore:

1244 1792 1293 1823 „In
1312 1793 1426 1817 nomine
1447 1794 1545 1817 sancte
1563 1794 1592 1816 et
1613 1791 1757 1816 individue
1770 1790 1915 1815 trinitatis.
1934 1789 2097 1814 Fridericus

1174 1837 1284 1867 „divina
1305 1837 1418 1862 favente
1437 1836 1587 1861 clementia
1602 1836 1798 1860 Romanorum
1813 1834 1969 1867 imperator
1985 1841 2098 1866 semper

1174 1884 1331 1914 „augustus
1348 1883 1375 1904 et
1392 1888 1440 1904 rex
1455 1879 1559 1907 Sicilie,
1579 1879 1718 1912 imperiali
1732 1878 1886 1903 eminentia
1901 1878 1983 1902 iustis
1998 1880 2099 1910 postu-

1175 1925 1346 1956 „lationibus
1366 1923 1493 1948 fidelium
1511 1932 1629 1949 suorum
1647 1921 1795 1948 consuevit
1810 1929 1893 1946 aures
1911 1922 2096 1946 accomodare

1175 1969 1338 2002 „benignas
1371 1967 1492 2000 Ideoque
1515 1971 1617 1992 noscat
1636 1971 1694 1991 tam
1713 1974 1832 1999 presens
1851 1969 1911 1990 etas
1929 1973 2014 1997 quam
2031 1973 2096 1990 suc-

1176 2021 1307 2043 „cessura
1327 2012 1479 2044 posteritas
1502 2012 1535 2035 ad
1551 2020 1603 2036 nos
1622 2011 1807 2044 respicientes
1824 2013 1853 2035 et
1868 2009 2097 2035 animadverten-

1176 2060 1249 2088 ,‚tes.
1277 2057 1493 2081 concessionem
1518 2056 1576 2080 sive
1607 2055 1815 2088 indulgentiam
1842 2057 1871 2078 ct
1895 2053 2098 2079 investituram

1176 2110 1273 2134 „quam
1293 2101 1423 2125 dominus
1440 2099 1602 2124 Fridericus
1617 2107 1686 2124 avus
1704 2102 1802 2124 noster
1817 2098 1883 2123 fecit
1899 2098 2096 2123 communitati

1176 2149 1221 2177 „et
1243 2144 1425 2170 universitati
1447 2144 1480 2168 de
1503 2142 1624 2167 Scovolo
1651 2144 1680 2167 in
1697 2143 1840 2168 territorio
1858 2142 2007 2173 Brixiano,
2035 2150 2098 2167 cam

1176 2189 1406 2221 „concessionem
1425 2191 1452 2213 et
1469 2188 1563 2212 datam
1580 2188 1639 2212 sive
1659 2187 1858 2211 investituram
1879 2187 1911 2211 ad
1930 2186 2098 2211 instantiam

1176 2233 1302 2265 „Alberti
1323 2231 1486 2258 Tridentini
1507 2232 1646 2264 episcopi,
1666 2231 1712 2263 qui
1733 2231 1815 2255 nobis
1832 2234 1860 2255 et
1874 2232 1990 2262 imperio
2006 2230 2098 2256 fidelis

1177 2278 1326 2309 „inventus
1343 2281 1385 2302 est
1401 2277 1571 2301 auctoritate
1588 2275 1725 2307 imperiali
1747 2275 1948 2299 confirmamus
1965 2274 2100 2299 corrobo-

1176 2330 1289 2353 „ramus
1305 2325 1389 2353 atque
1411 2320 1597 2354 integerrime
1614 2320 1752 2343 donamus
1775 2319 1849 2351 quod
1869 2320 1960 2352 ipsam
1973 2326 2100 2343 eommu-

1176 2374 1257 2397 „nem
1279 2368 1305 2390 et
1322 2364 1537 2389 universitatem
1552 2364 1585 2387 de
1603 2363 1723 2388 Scovolo
1741 2370 1832 2387 mares
1853 2365 1882 2387 et
1898 2362 2021 2387 seminas
2037 2370 2100 2388 cum

1177 2409 1326 2441 „uxoribus
1345 2413 1372 2434 et
1393 2409 1472 2438 filiis,
1493 2416 1523 2432 ac
1544 2407 1656 2432 filiabus
1674 2408 1814 2439 ipsorum,
1835 2407 1924 2431 servis
1942 2409 1971 2431 et
1988 2406 2099 2431 ancillis

1177 2455 1251 2485 „suis
1262 2473 1267 2482 ,
1286 2454 1418 2478 omnibus
1435 2451 1656 2486 proprietatibus
1672 2454 1700 2475 ct
1715 2450 1881 2475 substantiis
1897 2458 1994 2474 eornm
2011 2450 2101 2475 mobi-

1177 2499 1267 2529 „libus
1291 2502 1317 2523 et
1338 2497 1528 2521 immobilibus
1553 2495 1733 2528 presentibus
1758 2497 1786 2519 et
1805 2494 1909 2518 suturis
1934 2494 1986 2518 sub
2007 2494 2098 2518 nostri

1178 2542 1347 2574 „imperialis
1361 2541 1519 2574 potcstatis,
1540 2547 1570 2564 ex
1587 2539 1698 2572 integro
1711 2539 1738 2562 in
1753 2541 1922 2570 perpetuum
1932 2538 2099 2570 recepimus.

1178 2580 1372 2618 ,Tu-cipimus
1389 2586 1494 2617 itaque,
1507 2587 1538 2608 ut
1554 2583 1632 2607 nulla
1647 2583 1745 2606 civitas
1762 2583 1859 2606 nullus
1876 2582 2026 2614 episeopus
2045 2581 2100 2605 dux

1178 2630 1320 2660 „marchio
1347 2636 1441 2653 comcs
1465 2636 1515 2653 seu
1540 2628 1630 2659 aliqua
1651 2633 1772 2659 persona
1792 2626 1896 2651 dictam
1920 2633 2098 2650 communem
