2209 2858
173 164 325 199 XCVIII

464 156 674 212 Anhang.
710 151 873 209 Kc'inig
902 149 1153 199 Friedrich
1185 147 1271 190 IV.
1305 155 1416 198 1448,
1443 155 1540 199 Juny
1567 156 1790 202 ιιι-,1119
1817 158 1852 191 1.

174 239 2084 265 W

175 311 347 346 nynglicher
360 308 472 343 gnaden
489 304 711 340 ramergerycht
726 304 787 329 sich
807 303 861 328 mit
875 301 1033 327 redeneren
1049 299 1096 324 ind

174 354 371 388 vurspreclien
397 360 433 377 an
453 360 486 376 zo
509 351 647 385 dynghen
669 358 702 374 zo
725 348 864 373 vorderen
886 354 919 371 zo
941 346 1041 379 clagen
1057 342 1100 367 vn·

175 401 229 425 den
243 404 415 423 vui-screuen
434 395 579 420 Arnolden
599 402 654 419 van
669 393 799 428 Egmond
824 391 872 416 ind
897 391 951 422 dey
970 396 1098 413 vui-scre—

174 452 229 468 uen
254 442 337 467 scede
363 441 409 466 ind
434 448 501 473 yrer
525 438 673 473 γει-11110110
700 437 831 462 bisonder
851 443 884 460 zo
907 432 1096 466 anspraiclien

172 487 219 512 ind
233 487 282 511 der
292 484 519 518 wederpartliien
533 483 690 508 vermeinte
704 481 846 506 antwerde
863 487 895 504 zo
907 477 1096 510 wederleigen

172 542 206 558 zo
222 530 386 555 antwerden
401 537 434 554 zo
445 527 658 553 verantwerden
669 534 701 551 zo
710 524 908 551 wederreeden
918 520 1098 547 kuntschafl't

174 575 345 609 zuygenisse
365 574 460 598 brieue
481 574 652 605 bewysonge
673 571 710 603 by
725 578 758 594 zo
775 570 905 601 brengen
925 567 974 592 der
991 566 1097 591 weder-

174 620 293 654 parthye
314 620 481 651 vermeynte
497 615 679 641 kuntschass‘t
696 623 729 639 zo
747 613 983 646 wedersprechen
1000 610 1047 634 ind
1063 618 1096 634 zo

173 664 365 697 wederleigen
384 662 522 695 rechtlige
541 661 612 694 dage
630 659 686 684 vnd
705 659 813 683 schube
831 667 863 682 zo
875 654 1096 690 heyssch'enind

172 719 205 734 zo
221 715 367 734 erweruen
389 706 470 731 achte
491 704 644 729 ouer-aeine
662 704 709 729 ind
723 702 915 736 noitturss'tige
934 701 1032 726 brieue
1049 699 1096 724 ind

172 760 305 787 processe
323 751 368 776 ind
386 751 441 775 alle
459 750 599 783 reclitlige
617 748 708 773 vrdell
722 748 769 772 ind
785 746 981 771 erkentenisse
999 753 1032 770 zo
1050 745 1097 769 be<

173 798 278 823 halden
303 796 347 820 ind
373 803 406 820 zo
431 794 602 827 vntfangen,
624 793 678 817 alle
704 792 774 825 eyde
791 791 851 815 sich
869 791 1014 824 gebueren
1028 796 1099 814 wer-

172 843 228 867 den
244 849 277 865 zo
297 840 363 864 doin
386 838 489 862 andere
512 839 710 870 procuratores
735 836 781 860 ind
806 835 952 859 anwalden
974 836 1037 858 vort
1062 841 1096 857 zo

172 889 270 911 setzcn
287 884 333 908 ind
354 883 396 907 die
413 891 445 907 zo
463 881 662 906 wederroiffen
681 880 727 905 ind
744 880 812 904 alles
828 879 880 904 daz
899 886 932 903 zo
949 878 1033 908 doin,
1055 877 1095 901 als

170 928 338 956 reiclitliclie
357 929 557 960 procuratores
581 925 648 950 doin
664 924 765 949 soillen
787 923 828 948 off
848 923 964 956 moigen
990 930 1022 946 zo
1046 930 1095 955 ge-

170 982 234 1007 wyn
253 973 297 997 ind
317 981 350 996 zo
368 972 482 1004 vcrluys
499 970 574 995 ouch
591 970 653 994 allis
676 970 723 994 dat
741 977 774 994 zo
790 969 854 993 doin
871 968 919 992 ind
936 975 968 991 zo
986 967 1095 991 volsoe-

171 1027 237 1046 ren.
258 1017 306 1041 dat
329 1016 379 1040 wir
405 1015 499 1039 selver
522 1015 588 1039 doin
613 1014 730 1039 senlden
751 1013 794 1038 off
811 1012 959 1037 moichten
983 1011 1025 1036 off
1044 1010 1095 1035 wir
1128 1047 1130 1050 Ι

171 1061 380 1097 egainwordIch
396 1067 491 1084 wel-en
506 1060 552 1084 ind
567 1058 609 1083 off
621 1059 663 1083 dis
678 1058 799 1093 gewaltz
815 1058 875 1082 also
892 1059 962 1093 nyet
971 1055 1095 1089 genoich

1163 306 1199 323 eu
1217 305 1291 323 were
1311 297 1386 322 nach
1407 295 1571 330 strengheit
1586 296 1634 321 des
1652 297 1780 323 reichten
1803 299 1846 323 oss’
1861 299 2026 334 gewonheit
2040 301 2090 326 des

1162 341 1376 375 konynckliohs
1393 341 1504 374 hoyues
1521 341 1568 366 ind
1585 341 1758 375 gerychtee‚
1777 343 1829 368 wie
1845 343 1900 368 dan
1916 352 2002 369 vnser
2015 345 2091 370 alet-

1163 386 1348 421 gnedichster
1371 387 1455 411 her-re
1475 386 1524 411 der
1541 385 1718 411 Roemscher
1734 387 1872 420 konynck
1889 397 1960 422 syne
1975 389 2090 422 konyg-

1162 431 1236 456 liche
1255 430 1369 465 gnaden
1390 430 1546 455 stathelder
1568 430 1616 454 ind
1642 430 1692 455 daz
1715 431 1841 464 gerycht
1861 433 2014 464 erkennet,
2034 433 2087 458 daz

1163 475 1262 500 sulche
1277 475 1382 509 gewalt
1397 483 1450 507 syn
1465 474 1552 505 susse,
1573 475 1666 508 geben
1690 475 1740 499 wir
1760 475 1788 500 in
1806 477 1894 501 vnder
1911 485 1991 510 yrem
2003 477 2090 509 jekli*

1163 527 1229 553 gem
1254 519 1310 543 vnd
1327 519 1440 550 willen,
1460 519 1511 543 daz
1532 519 1582 543 der
1603 519 1662 544 also
1687 527 1741 551 syn
1764 520 1837 545 sulle
1862 520 1910 545 ind
1933 520 1990 554 hye
2013 529 2091 554 ynne
2122 537 2126 542 -

1163 564 1325 598 gemircket
1346 563 1394 588 ind
1413 563 1586 588 verstanden
1603 564 1718 589 werden
1735 564 1782 588 ind
1800 564 1945 598 geloyuen
1962 565 2010 592 dat
2027 565 2090 590 dar-

1164 609 1228 633 omb
1246 610 1309 633 vast
1323 608 1370 632 ind
1385 608 1464 633 stede
1482 616 1516 632 zo
1532 607 1635 633 halden
1653 609 1733 639 alles,
1753 609 1804 633 daz
1820 617 1853 641 sy
1868 608 1910 633 off
1923 617 1991 642 yrer
2003 609 2092 643 yeck-

1163 653 1255 678 licher
1274 653 1334 677 also
1352 652 1546 677 verhandelen
1564 652 1612 677 ind
1628 652 1694 677 doln
1710 653 1834 678 werden.
1852 653 1988 680 Vrkunde
2004 661 2090 679 vnses

1163 698 1338 731 ingesiegels
1358 705 1394 722 an
1413 697 1501 721 desen
1520 696 1610 721 brieff
1623 697 1786 731 gehangen.

1234 742 1373 776 Gegeuen
1401 741 1444 766 vss'
1469 749 1568 766 vnsem
1598 742 1671 766 sloss
1692 741 1861 775 Heymbach
1879 749 1916 767 na
1937 741 2022 766 cristi
2042 749 2093 777 ge-

1161 788 1227 812 burt
1247 787 1372 819 duysent:
1398 786 1594 819 vyerhundert
1621 786 1668 811 ind
1694 786 1723 811 in
1749 787 1811 811 dem
1832 786 2092 818 eichtindvyerczi-

1162 832 1257 865 gisten
1273 831 1347 862 jaire
1368 831 1416 856 des
1437 831 1560 856 eichden
1581 831 1667 864 dages
1687 831 1735 856 des
1755 831 1890 856 maendtz
1908 830 1995 864 Juny.
2020 830 2090 855 Dair

1162 879 1228 909 synt
1255 875 1293 908 by
1318 883 1354 900 an
1383 875 1428 900 ind
1458 883 1544 900 oeuer
1563 876 1682 910 geweist
1709 875 1753 900 die
1773 875 1914 900 eirsamen
1932 875 2014 900 Abell
2032 882 2091 900 van

1162 921 1215 945 den
1229 919 1404 953 Heysteren‚
1422 919 1517 944 Johan
1533 928 1588 944 van
1598 919 1722 944 Strailen
1741 918 1790 944 ind
1804 919 1957 944 Diederich
1972 918 2084 944 Swarce

1163 973 1232 990 vnse
1259 965 1383 998 dyenere
1409 965 1506 990 dartzo
1532 972 1681 999 geczuyge
1714 964 1752 997 by
1770 964 1927 998 geuordert
1945 962 2088 999 ger-niffen

1162 1006 1211 1034 ind
1231 1010 1370 1044 gebeden.

254 1229 310 1255 80.
336 1228 433 1261 Papsc
455 1225 606 1253 Nicotaus
635 1225 669 1252 V.
692 1225 806 1252 semler
829 1225 901 1251 dem
924 1223 955 1251 K
991 1221 1162 1250 Friedrich
1184 1221 1234 1248 die
1254 1220 1406 1255 gleweiltce
1428 1220 1562 1255 ‚qoldene
1587 1200 1675 1248 3⁰23&
1700 1220 1813 1254 1448,
1837 1219 1926 1255 Juny
1950 1221 2005 1248 10.

337 1281 431 1314 Reyy.
456 1279 514 1305 No.
532 1278 638 1305 2454.

636 1351 783 1376 Carissimo
803 1352 830 1376 in
852 1352 962 1376 Christo
974 1351 1038 1384 filio
1058 1350 1202 1374 Frcdcrico
1223 1349 1406 1374 Romanorum
1428 1348 1491 1381 regi
1509 1348 1619 1375 illustri.

242 1426 378 1451 Nicotaus
399 1424 550 1457 episcopus
578 1430 678 1446 servus
705 1429 852 1447 servorum
878 1421 921 1446 dei
949 1421 1096 1446 carissimo

174 1473 202 1496 in
219 1471 333 1495 Christo
354 1469 411 1493 filio
427 1467 579 1492 Frederico
598 1466 660 1500 regi
683 1466 877 1490 Romanorum
897 1465 1002 1490 illustri
1022 1464 1097 1489 salu-

174 1519 230 1540 tem
244 1518 271 1539 et
287 1512 470 1545 apostolicam
486 1511 722 1536 benedictionem.
744 1510 962 1534 Consueverunt
977 1509 1097 1533 Romani

175 1559 324 1593 pontifices
342 1556 460 1591 singulis
478 1556 559 1579 annis
577 1563 670 1579 rosam
682 1563 794 1579 auream
806 1557 854 1579 aut
863 1554 945 1579 alicui
962 1562 993 1579 ex
1005 1556 1098 1578 astan-

174 1605 248 1629 tibus
267 1604 288 1627 si
307 1602 380 1626 forte
397 1601 474 1634 digni
493 1599 589 1624 adsint
605 1602 652 1624 aut
669 1599 777 1624 absenti
797 1599 916 1631 principi
935 1599 1000 1623 dare
1018 1598 1097 1624 cuius

175 1649 295 1672 uirtutes
311 1646 446 1679 precipue
464 1645 612 1669 elucerent
633 1647 661 1668 et
677 1644 775 1668 merita
794 1651 863 1677 erga
881 1644 1038 1668 Romanam
1055 1650 1099 1667 ec-

174 1693 287 1717 clesiam
313 1694 340 1716 et
365 1691 441 1723 ipsos
464 1687 615 1721 pontifices
636 1691 772 1712 extarent.
799 1687 897 1720 Itaque
921 1696 985 1712 cum
1005 1688 1098 1711 animo

175 1743 356 1769 quereremus
377 1734 494 1766 dignum
510 1732 646 1764 precipue
661 1732 714 1755 hoc
734 1739 850 1756 munere
867 1732 1035 1764 principem,
1054 1740 1100 1755 oc-

177 1780 265 1804 currit
279 1779 359 1802 nobis
377 1781 425 1802 tua
442 1777 588 1807 serenitas,
612 1784 664 1808 que
683 1778 710 1800 et
726 1778 769 1800 est
788 1776 816 1799 in
829 1776 959 1808 precelsa
974 1776 1099 1800 omnium

177 1824 314 1857 dignitate
335 1822 490 1846 constituta
507 1823 536 1845 et
549 1821 629 1844 cuius
646 1820 824 1844 devotionem
841 1820 1017 1853 singularem
1032 1827 1100 1852 erga

176 1877 227 1893 nos
242 1870 269 1891 et
284 1867 382 1891 merita
400 1873 467 1899 erga
485 1865 580 1889 sedem
597 1864 781 1896 apostolicam
800 1872 831 1889 ae
842 1865 999 1888 Romanam
1011 1864 1101 1888 eecle-

178 1914 246 1937 siam
268 1911 391 1944 insignia
414 1910 577 1934 iudicamus.
605 1908 830 1933 Decreucramus
856 1911 951 1932 autem
975 1908 1029 1931 iam
1053 1907 1102 1931 du-

176 1957 241 1981 dum
257 1956 330 1979 ham:
347 1962 440 1978 rosam
456 1961 569 1977 auream
586 1952 634 1977 tibi
651 1955 786 1984 tanquam
810 1952 856 1976 uui
871 1952 961 1976 electo
979 1959 1010 1976 ex
1028 1952 1101 1975 rnul-

175 2001 210 2025 tis
227 1999 386 2027 destinare,
407 1998 455 2021 sed
477 2005 540 2021 cum
563 2005 619 2021 non
642 1997 799 2020 occurrerit
815 1996 933 2020 nuntius
955 1996 1000 2027 qui
1018 1996 1100 2020 nobis

178 2044 305 2076 ydoneus
317 2043 461 2067 videretur
478 2049 552 2065 nunc
570 2048 620 2073 per
631 2040 821 2064 venerabilem
837 2040 953 2064 fratrem
969 2043 1100 2065 nostrum

179 2089 344 2120 episcopum
362 2086 562 2118 Ypponensem
580 2088 720 2109 oratorem
739 2084 772 2109 ad
789 2093 841 2109 nos
859 2087 940 2109 tuum
960 2092 1044 2116 quem
1068 2085 1102 2109 ad

180 2132 232 2156 hoc
248 2133 411 2163 reputamus
429 2130 610 2162 aptissimum
627 2129 801 2154 destinamus
818 2129 866 2153 tibi
883 2136 944 2153 eam
959 2137 1054 2154 rosam
1074 2130 1102 2153 in

1165 1420 1280 1453 signum
1297 1427 1328 1444 ac
1344 1419 1541 1444 testimonium
1557 1420 1655 1443 nostre
1672 1426 1740 1451 erga
1756 1421 1784 1443 te
1802 1418 1964 1444 affectionis
1979 1420 2007 1444 et
2021 1418 2094 1444 cari-

1165 1464 1231 1488 tatis
1252 1472 1283 1488 ac
1309 1466 1340 1487 ut
1362 1463 1457 1487 videas
1481 1463 1607 1494 quamvis
1633 1462 1671 1486 sis
1697 1462 1799 1487 absens
1829 1463 1863 1487 ab
1885 1463 1976 1488 oculis
1994 1465 2090 1487 tamen

1165 1515 1260 1532 amore
1277 1510 1438 1540 presentem
1453 1509 1481 1531 te
1498 1514 1559 1531 esse
1579 1506 1608 1530 in
1625 1506 1718 1531 animo
1735 1508 1844 1531 nostro.
1865 1505 2020 1539 Spei-amus
2029 1507 2091 1540 qui-

1165 1552 1272 1577 demin
1287 1554 1334 1575 tua
1349 1551 1525 1581 excellentia,
1541 1550 1613 1582 quod
1624 1550 1699 1574 sicut
1714 1558 1816 1575 aurum
1830 1553 1873 1575 est
1888 1551 2017 1576 omnibus
2033 1559 2091 1576 me—

1166 1597 1242 1621 tallis
1261 1595 1416 1628 perfectius
1438 1598 1466 1619 et
1488 1603 1552 1619 rosa
1570 1595 1644 1619 inter
1662 1595 1787 1627 reliquos
1806 1594 1891 1619 flores
1911 1595 2031 1620 maxime
2047 1603 2093 1621 re-

1167 1641 1259 1671 dolet,
1280 1641 1318 1664 ita
1340 1639 1394 1663 hoc
1418 1639 1525 1663 donum
1546 1639 1682 1663 virtutem
1703 1641 1782 1663 tuam
1807 1641 1835 1663 et
1854 1638 1938 1663 fidem
1957 1646 2026 1673 erga
2042 1647 2095 1665 nos

1168 1688 1197 1711 et
1212 1685 1352 1718 prefatam
1377 1684 1473 1708 sedem
1495 1684 1695 1716 perfectiorem
1721 1683 1751 1708 in
1773 1683 1847 1707 diem
1869 1683 1969 1708 reddet
1989 1685 2019 1708 et
2042 1686 2093 1708 tua

1167 1730 1241 1754 bona
1259 1736 1344 1762 opera
1358 1728 1529 1753 redolebunt
1554 1736 1649 1752 coram
1672 1727 1724 1752 deo
1749 1730 1778 1752 et
1794 1727 1957 1752 hominihus
1982 1727 2012 1752 in
2028 1728 2096 1752 odo-

1167 1782 1229 1798 rem
1255 1773 1412 1797 suavitatis.
1447 1771 1551 1804 Accipe
1577 1772 1666 1805 igitur
1685 1774 1768 1806 grato
1793 1771 1889 1796 animo
1911 1772 1965 1796 hoc
1987 1779 2094 1797 munus

1169 1818 1321 1851 quodlicet
1340 1825 1371 1842 re
1387 1825 1505 1850 parvum
1523 1817 1559 1841 sit
1574 1815 1784 1850 significatione
1799 1819 1896 1840 tamen
1914 1818 1943 1840 et
1960 1816 2094 1842 exstima—

1168 1863 1246 1887 tione
1262 1862 1430 1895 pontificum
1447 1861 1639 1886 benivolentie
1659 1861 1742 1885 debet
1755 1861 1908 1885 maximum
1924 1861 2051 1887 iudicari.

1238 1907 1344 1931 Datum
1364 1907 1453 1931 Rome
1481 1906 1555 1939 apud
1583 1908 1714 1930 sanctum
1734 1904 1852 1930 Petrum
1872 1913 1947 1930 anno
1966 1905 2095 1931 incarna-

1169 1951 1255 1976 tionis
1281 1951 1423 1975 dominice
1450 1951 1602 1976 millesimo
1630 1950 1911 1984 quadringentesimo
1936 1950 2095 1984 quadrage-

1170 1996 1240 2021 simo
1261 1998 1360 2020 octavo
1376 1997 1476 2027 quarto
1503 1995 1564 2020 idus
1583 1994 1679 2026 Junii‚
1707 1993 1890 2027 pontificatus
1909 1993 1998 2019 nostri
2019 2001 2094 2020 anno

1171 2040 1304 2065 secundo.

1802 2082 1834 2107 A.
1855 2083 1889 2108 de
1909 2082 2061 2109 Tuscanis.

240 2297 289 2323 81.
314 2296 353 2323 K.
379 2296 560 2323 Friedrichs
584 2293 699 2328 Befclcl
720 2302 762 2322 an
785 2295 847 2321 den
870 2293 999 2327 Herzog]
1025 2292 1154 2327 Ludit-179
1176 2299 1238 2320 von
1260 2292 1417 2329 Sanoyen.
1443 2294 1557 2330 1448,
1579 2294 1656 2330 July
1681 2294 1708 2321 1.
1733 2294 1824 2328 Reyq.
1848 2295 1906 2322 No.
1931 2295 2035 2324 2459.

255 2380 415 2404 Friaomicm
437 2381 479 2405 dei
501 2382 591 2413 gratia
606 2382 798 2405 Romanorum
816 2387 864 2405 rev<
884 2388 997 2412 semper
1017 2387 1105 2413 augu-

186 2428 246 2448 stus
276 2423 389 2448 Austrie
411 2423 496 2448 Stirie
522 2424 671 2449 Karinthie
692 2428 720 2449 et
747 2424 890 2449 Carniolie
917 2424 985 2455 dux,
1011 2431 1105 2448 eomes

185 2468 288 2492 Til-oli<
311 2471 362 2491 cte.
386 2466 526 2491 Lodnvico
550 2476 578 2492 se
607 2478 656 2500 pro
681 2469 751 2493 duce
770 2468 911 2493 Sabaudie
936 2468 1048 2502 gerenti
1066 2470 1106 2492 te-

185 2520 252 2536 nore
275 2512 450 2544 presentium
473 2512 666 2542 notificamus,
695 2513 767 2544 quod
798 2513 877 2545 gravi
901 2520 964 2536 cum
991 2512 1106 2544 querela

187 2565 235 2588 pro
253 2560 331 2588 parte
357 2555 480 2579 {idi-lium
500 2558 660 2580 nostrorum
677 2556 844 2580 dilectorum
866 2556 981 2581 sculteti
1005 2564 1107 2580 consu-

187 2601 260 2624 latus
279 2607 308 2623 ac
325 2599 535 2623 communitatis
553 2599 626 2630 opidi
649 2600 736 2624 nostri
756 2600 956 2633 Frihurgensis
974 2601 1001 2625 in
1018 2600 1107 2625 Ocht-

188 2643 329 2668 tenlandia
345 2642 535 2666 lausanensis
551 2643 668 2668 dior-esis
684 2644 716 2667 ad
730 2652 780 2668 nos
798 2644 904 2668 vicibus
921 2644 1029 2670 iteratis
1044 2652 1108 2677 per—

1172 2379 1262 2410 venit,
1279 2381 1420 2412 quomodo
1441 2381 1475 2405 ob
1498 2381 1630 2406 subortas
1653 2381 1727 2406 inter
1746 2384 1774 2406 te
1794 2389 1826 2406 ex
1847 2389 1904 2406 una
1929 2383 1958 2406 et
1973 2380 2099 2414 prefatos

1173 2423 1271 2448 fideles
1288 2427 1402 2448 nostros
1421 2425 1629 2459 Friburgenses
1652 2425 1780 2457 partibus
1805 2433 1837 2450 ex
1854 2425 1945 2450 altera
1964 2425 2100 2450 differen-

1173 2468 1226 2492 tias
1247 2470 1304 2492 tam
1331 2469 1359 2492 in
1379 2468 1522 2494 Gebennis
1542 2476 1629 2501 quam
1651 2469 1713 2493 aliis
1736 2468 1762 2493 in
1784 2469 1852 2494 locis
1875 2469 1982 2494 multae
2003 2471 2098 2494 tentas

1173 2512 1334 2543 fuissesshijs
1351 2513 1496 2545 preteritis
1516 2513 1616 2538 diebus
1635 2513 1729 2545 placiti
1747 2513 1845 2543 dietas,
1862 2513 1891 2537 in
1907 2513 2009 2545 quibus
2026 2513 2101 2538 inter

1174 2556 1228 2580 alia
1244 2563 1258 2580 a
1275 2557 1402 2589 partibus
1420 2557 1550 2581 hincinde
1568 2559 1643 2581 mota
1666 2560 1693 2581 et
1709 2557 1829 2581 deducta
1844 2565 1896 2589 pro
1909 2560 1991 2590 parte
2010 2557 2100 2582 dicto-

1174 2608 1239 2625 rum
1255 2600 1491 2634 Friburgensium
1508 2602 1597 2626 multe
1622 2604 1649 2625 et
1670 2601 1748 2626 varie
1765 2599 1924 2626 oblationes
1942 2601 2052 2632 dejure
2071 2603 2099 2625 et

1171 2644 1283 2675 justitia
1302 2644 1375 2670 facte
1397 2645 1462 2675 sint,
1482 2653 1654 2678 quamquam
1676 2645 1716 2670 tui
1737 2647 1818 2678 parte
1837 2649 1869 2671 ut
1888 2645 1981 2670 fertur
2000 2645 2100 2670 confu-
